%YAML 1.1
%TAG !u! tag:unity3d.com,2011:
--- !u!29 &1
OcclusionCullingSettings:
  m_ObjectHideFlags: 0
  serializedVersion: 2
  m_OcclusionBakeSettings:
    smallestOccluder: 5
    smallestHole: 0.25
    backfaceThreshold: 100
  m_SceneGUID: 00000000000000000000000000000000
  m_OcclusionCullingData: {fileID: 0}
--- !u!104 &2
RenderSettings:
  m_ObjectHideFlags: 0
  serializedVersion: 9
  m_Fog: 0
  m_FogColor: {r: 0.5, g: 0.5, b: 0.5, a: 1}
  m_FogMode: 3
  m_FogDensity: 0.01
  m_LinearFogStart: 0
  m_LinearFogEnd: 300
  m_AmbientSkyColor: {r: 0.212, g: 0.227, b: 0.259, a: 1}
  m_AmbientEquatorColor: {r: 0.114, g: 0.125, b: 0.133, a: 1}
  m_AmbientGroundColor: {r: 0.047, g: 0.043, b: 0.035, a: 1}
  m_AmbientIntensity: 1
  m_AmbientMode: 3
  m_SubtractiveShadowColor: {r: 0.42, g: 0.478, b: 0.627, a: 1}
  m_SkyboxMaterial: {fileID: 2100000, guid: edab55bb6e6964f008586faa1062771a, type: 2}
  m_HaloStrength: 0.5
  m_FlareStrength: 1
  m_FlareFadeSpeed: 3
  m_HaloTexture: {fileID: 0}
  m_SpotCookie: {fileID: 10001, guid: 0000000000000000e000000000000000, type: 0}
  m_DefaultReflectionMode: 0
  m_DefaultReflectionResolution: 128
  m_ReflectionBounces: 1
  m_ReflectionIntensity: 1
  m_CustomReflection: {fileID: 0}
  m_Sun: {fileID: 0}
  m_IndirectSpecularColor: {r: 0, g: 0, b: 0, a: 1}
  m_UseRadianceAmbientProbe: 0
--- !u!157 &3
LightmapSettings:
  m_ObjectHideFlags: 0
  serializedVersion: 11
  m_GIWorkflowMode: 1
  m_GISettings:
    serializedVersion: 2
    m_BounceScale: 1
    m_IndirectOutputScale: 1
    m_AlbedoBoost: 1
    m_EnvironmentLightingMode: 0
    m_EnableBakedLightmaps: 0
    m_EnableRealtimeLightmaps: 0
  m_LightmapEditorSettings:
    serializedVersion: 12
    m_Resolution: 2
    m_BakeResolution: 40
    m_AtlasSize: 1024
    m_AO: 0
    m_AOMaxDistance: 1
    m_CompAOExponent: 1
    m_CompAOExponentDirect: 0
    m_ExtractAmbientOcclusion: 0
    m_Padding: 2
    m_LightmapParameters: {fileID: 0}
    m_LightmapsBakeMode: 1
    m_TextureCompression: 1
    m_FinalGather: 0
    m_FinalGatherFiltering: 1
    m_FinalGatherRayCount: 256
    m_ReflectionCompression: 2
    m_MixedBakeMode: 1
    m_BakeBackend: 0
    m_PVRSampling: 1
    m_PVRDirectSampleCount: 32
    m_PVRSampleCount: 500
    m_PVRBounces: 2
    m_PVREnvironmentSampleCount: 500
    m_PVREnvironmentReferencePointCount: 2048
    m_PVRFilteringMode: 2
    m_PVRDenoiserTypeDirect: 0
    m_PVRDenoiserTypeIndirect: 0
    m_PVRDenoiserTypeAO: 0
    m_PVRFilterTypeDirect: 0
    m_PVRFilterTypeIndirect: 0
    m_PVRFilterTypeAO: 0
    m_PVREnvironmentMIS: 0
    m_PVRCulling: 1
    m_PVRFilteringGaussRadiusDirect: 1
    m_PVRFilteringGaussRadiusIndirect: 5
    m_PVRFilteringGaussRadiusAO: 2
    m_PVRFilteringAtrousPositionSigmaDirect: 0.5
    m_PVRFilteringAtrousPositionSigmaIndirect: 2
    m_PVRFilteringAtrousPositionSigmaAO: 1
    m_ExportTrainingData: 0
    m_TrainingDataDestination: TrainingData
    m_LightProbeSampleCountMultiplier: 4
  m_LightingDataAsset: {fileID: 112000004, guid: 498e43241c4dd704880134a0fc8b842c,
    type: 2}
  m_UseShadowmask: 0
--- !u!196 &4
NavMeshSettings:
  serializedVersion: 2
  m_ObjectHideFlags: 0
  m_BuildSettings:
    serializedVersion: 2
    agentTypeID: 0
    agentRadius: 0.5
    agentHeight: 2
    agentSlope: 45
    agentClimb: 0.4
    ledgeDropHeight: 0
    maxJumpAcrossDistance: 0
    minRegionArea: 2
    manualCellSize: 0
    cellSize: 0.16666667
    manualTileSize: 0
    tileSize: 256
    accuratePlacement: 0
    debug:
      m_Flags: 0
  m_NavMeshData: {fileID: 0}
--- !u!1001 &135984555
PrefabInstance:
  m_ObjectHideFlags: 0
  serializedVersion: 2
  m_Modification:
    m_TransformParent: {fileID: 2049225436}
    m_Modifications:
    - target: {fileID: 1460190751249080, guid: 216365f420b837d48808a900b4c0285f, type: 3}
      propertyPath: m_Name
      value: Screen Overlays
      objectReference: {fileID: 0}
    - target: {fileID: 1460190751249080, guid: 216365f420b837d48808a900b4c0285f, type: 3}
      propertyPath: m_IsActive
      value: 1
      objectReference: {fileID: 0}
    - target: {fileID: 223975587118637314, guid: 216365f420b837d48808a900b4c0285f,
        type: 3}
      propertyPath: m_AdditionalShaderChannelsFlag
      value: 25
      objectReference: {fileID: 0}
    - target: {fileID: 224053867467896208, guid: 216365f420b837d48808a900b4c0285f,
        type: 3}
      propertyPath: m_AnchoredPosition.x
      value: -331.55002
      objectReference: {fileID: 0}
    - target: {fileID: 224053867467896208, guid: 216365f420b837d48808a900b4c0285f,
        type: 3}
      propertyPath: m_AnchoredPosition.y
      value: -308.15042
      objectReference: {fileID: 0}
    - target: {fileID: 224078540536695536, guid: 216365f420b837d48808a900b4c0285f,
        type: 3}
      propertyPath: m_AnchorMin.x
      value: 0
      objectReference: {fileID: 0}
    - target: {fileID: 224078540536695536, guid: 216365f420b837d48808a900b4c0285f,
        type: 3}
      propertyPath: m_AnchorMax.y
      value: 1
      objectReference: {fileID: 0}
    - target: {fileID: 224078540536695536, guid: 216365f420b837d48808a900b4c0285f,
        type: 3}
      propertyPath: m_AnchoredPosition.x
      value: 380.5
      objectReference: {fileID: 0}
    - target: {fileID: 224078540536695536, guid: 216365f420b837d48808a900b4c0285f,
        type: 3}
      propertyPath: m_AnchoredPosition.y
      value: -180
      objectReference: {fileID: 0}
    - target: {fileID: 224078540536695536, guid: 216365f420b837d48808a900b4c0285f,
        type: 3}
      propertyPath: m_SizeDelta.x
      value: -911
      objectReference: {fileID: 0}
    - target: {fileID: 224078540536695536, guid: 216365f420b837d48808a900b4c0285f,
        type: 3}
      propertyPath: m_SizeDelta.y
      value: -416
      objectReference: {fileID: 0}
    - target: {fileID: 224081027264611154, guid: 216365f420b837d48808a900b4c0285f,
        type: 3}
      propertyPath: m_AnchorMin.y
      value: 0
      objectReference: {fileID: 0}
    - target: {fileID: 224081027264611154, guid: 216365f420b837d48808a900b4c0285f,
        type: 3}
      propertyPath: m_AnchorMax.x
      value: 1
      objectReference: {fileID: 0}
    - target: {fileID: 224081027264611154, guid: 216365f420b837d48808a900b4c0285f,
        type: 3}
      propertyPath: m_AnchoredPosition.x
      value: -355.3
      objectReference: {fileID: 0}
    - target: {fileID: 224081027264611154, guid: 216365f420b837d48808a900b4c0285f,
        type: 3}
      propertyPath: m_AnchoredPosition.y
      value: 210.6
      objectReference: {fileID: 0}
    - target: {fileID: 224081027264611154, guid: 216365f420b837d48808a900b4c0285f,
        type: 3}
      propertyPath: m_SizeDelta.x
      value: -911
      objectReference: {fileID: 0}
    - target: {fileID: 224081027264611154, guid: 216365f420b837d48808a900b4c0285f,
        type: 3}
      propertyPath: m_SizeDelta.y
      value: -416
      objectReference: {fileID: 0}
    - target: {fileID: 224879312036826000, guid: 216365f420b837d48808a900b4c0285f,
        type: 3}
      propertyPath: m_LocalPosition.x
      value: 0
      objectReference: {fileID: 0}
    - target: {fileID: 224879312036826000, guid: 216365f420b837d48808a900b4c0285f,
        type: 3}
      propertyPath: m_LocalPosition.y
      value: 0
      objectReference: {fileID: 0}
    - target: {fileID: 224879312036826000, guid: 216365f420b837d48808a900b4c0285f,
        type: 3}
      propertyPath: m_LocalPosition.z
      value: 0
      objectReference: {fileID: 0}
    - target: {fileID: 224879312036826000, guid: 216365f420b837d48808a900b4c0285f,
        type: 3}
      propertyPath: m_LocalRotation.x
      value: 0
      objectReference: {fileID: 0}
    - target: {fileID: 224879312036826000, guid: 216365f420b837d48808a900b4c0285f,
        type: 3}
      propertyPath: m_LocalRotation.y
      value: 0
      objectReference: {fileID: 0}
    - target: {fileID: 224879312036826000, guid: 216365f420b837d48808a900b4c0285f,
        type: 3}
      propertyPath: m_LocalRotation.z
      value: 0
      objectReference: {fileID: 0}
    - target: {fileID: 224879312036826000, guid: 216365f420b837d48808a900b4c0285f,
        type: 3}
      propertyPath: m_LocalRotation.w
      value: 1
      objectReference: {fileID: 0}
    - target: {fileID: 224879312036826000, guid: 216365f420b837d48808a900b4c0285f,
        type: 3}
      propertyPath: m_RootOrder
      value: 1
      objectReference: {fileID: 0}
    - target: {fileID: 224879312036826000, guid: 216365f420b837d48808a900b4c0285f,
        type: 3}
      propertyPath: m_LocalEulerAnglesHint.x
      value: 0
      objectReference: {fileID: 0}
    - target: {fileID: 224879312036826000, guid: 216365f420b837d48808a900b4c0285f,
        type: 3}
      propertyPath: m_LocalEulerAnglesHint.y
      value: 0
      objectReference: {fileID: 0}
    - target: {fileID: 224879312036826000, guid: 216365f420b837d48808a900b4c0285f,
        type: 3}
      propertyPath: m_LocalEulerAnglesHint.z
      value: 0
      objectReference: {fileID: 0}
    - target: {fileID: 224879312036826000, guid: 216365f420b837d48808a900b4c0285f,
        type: 3}
      propertyPath: m_AnchoredPosition.x
      value: 0
      objectReference: {fileID: 0}
    - target: {fileID: 224879312036826000, guid: 216365f420b837d48808a900b4c0285f,
        type: 3}
      propertyPath: m_AnchoredPosition.y
      value: 0
      objectReference: {fileID: 0}
    - target: {fileID: 224879312036826000, guid: 216365f420b837d48808a900b4c0285f,
        type: 3}
      propertyPath: m_SizeDelta.x
      value: 0
      objectReference: {fileID: 0}
    - target: {fileID: 224879312036826000, guid: 216365f420b837d48808a900b4c0285f,
        type: 3}
      propertyPath: m_SizeDelta.y
      value: 0
      objectReference: {fileID: 0}
    - target: {fileID: 224879312036826000, guid: 216365f420b837d48808a900b4c0285f,
        type: 3}
      propertyPath: m_AnchorMin.x
      value: 0
      objectReference: {fileID: 0}
    - target: {fileID: 224879312036826000, guid: 216365f420b837d48808a900b4c0285f,
        type: 3}
      propertyPath: m_AnchorMin.y
      value: 0
      objectReference: {fileID: 0}
    - target: {fileID: 224879312036826000, guid: 216365f420b837d48808a900b4c0285f,
        type: 3}
      propertyPath: m_AnchorMax.x
      value: 0
      objectReference: {fileID: 0}
    - target: {fileID: 224879312036826000, guid: 216365f420b837d48808a900b4c0285f,
        type: 3}
      propertyPath: m_AnchorMax.y
      value: 0
      objectReference: {fileID: 0}
    - target: {fileID: 224879312036826000, guid: 216365f420b837d48808a900b4c0285f,
        type: 3}
      propertyPath: m_Pivot.x
      value: 0
      objectReference: {fileID: 0}
    - target: {fileID: 224879312036826000, guid: 216365f420b837d48808a900b4c0285f,
        type: 3}
      propertyPath: m_Pivot.y
      value: 0
      objectReference: {fileID: 0}
    - target: {fileID: 224993111564023012, guid: 216365f420b837d48808a900b4c0285f,
        type: 3}
      propertyPath: m_AnchorMin.y
      value: 0
      objectReference: {fileID: 0}
    - target: {fileID: 224993111564023012, guid: 216365f420b837d48808a900b4c0285f,
        type: 3}
      propertyPath: m_AnchorMax.x
      value: 1
      objectReference: {fileID: 0}
    - target: {fileID: 224993111564023012, guid: 216365f420b837d48808a900b4c0285f,
        type: 3}
      propertyPath: m_AnchoredPosition.x
      value: -316
      objectReference: {fileID: 0}
    - target: {fileID: 224993111564023012, guid: 216365f420b837d48808a900b4c0285f,
        type: 3}
      propertyPath: m_AnchoredPosition.y
      value: 188.7
      objectReference: {fileID: 0}
    - target: {fileID: 224993111564023012, guid: 216365f420b837d48808a900b4c0285f,
        type: 3}
      propertyPath: m_SizeDelta.x
      value: -911
      objectReference: {fileID: 0}
    - target: {fileID: 224993111564023012, guid: 216365f420b837d48808a900b4c0285f,
        type: 3}
      propertyPath: m_SizeDelta.y
      value: -416
      objectReference: {fileID: 0}
    - target: {fileID: 7350284090181840680, guid: 216365f420b837d48808a900b4c0285f,
        type: 3}
      propertyPath: m_AnchorMin.y
      value: 0
      objectReference: {fileID: 0}
    - target: {fileID: 7350284090181840680, guid: 216365f420b837d48808a900b4c0285f,
        type: 3}
      propertyPath: m_AnchorMax.x
      value: 1
      objectReference: {fileID: 0}
    - target: {fileID: 7350284090181840680, guid: 216365f420b837d48808a900b4c0285f,
        type: 3}
      propertyPath: m_AnchoredPosition.x
      value: -102.5
      objectReference: {fileID: 0}
    - target: {fileID: 7350284090181840680, guid: 216365f420b837d48808a900b4c0285f,
        type: 3}
      propertyPath: m_AnchoredPosition.y
      value: 61
      objectReference: {fileID: 0}
    - target: {fileID: 7350284090181840680, guid: 216365f420b837d48808a900b4c0285f,
        type: 3}
      propertyPath: m_SizeDelta.x
      value: -911
      objectReference: {fileID: 0}
    - target: {fileID: 7350284090181840680, guid: 216365f420b837d48808a900b4c0285f,
        type: 3}
      propertyPath: m_SizeDelta.y
      value: -416
      objectReference: {fileID: 0}
    - target: {fileID: 8425226999876964516, guid: 216365f420b837d48808a900b4c0285f,
        type: 3}
      propertyPath: m_AnchorMin.x
      value: 0
      objectReference: {fileID: 0}
    - target: {fileID: 8425226999876964516, guid: 216365f420b837d48808a900b4c0285f,
        type: 3}
      propertyPath: m_AnchorMin.y
      value: 0
      objectReference: {fileID: 0}
    - target: {fileID: 8425226999876964516, guid: 216365f420b837d48808a900b4c0285f,
        type: 3}
      propertyPath: m_AnchorMax.x
      value: 1
      objectReference: {fileID: 0}
    - target: {fileID: 8425226999876964516, guid: 216365f420b837d48808a900b4c0285f,
        type: 3}
      propertyPath: m_AnchorMax.y
      value: 1
      objectReference: {fileID: 0}
    - target: {fileID: 8425226999876964516, guid: 216365f420b837d48808a900b4c0285f,
        type: 3}
      propertyPath: m_SizeDelta.x
      value: -910
      objectReference: {fileID: 0}
    - target: {fileID: 8425226999876964516, guid: 216365f420b837d48808a900b4c0285f,
        type: 3}
      propertyPath: m_SizeDelta.y
      value: -416
      objectReference: {fileID: 0}
    m_RemovedComponents: []
  m_SourcePrefab: {fileID: 100100000, guid: 216365f420b837d48808a900b4c0285f, type: 3}
--- !u!224 &135984556 stripped
RectTransform:
  m_CorrespondingSourceObject: {fileID: 224879312036826000, guid: 216365f420b837d48808a900b4c0285f,
    type: 3}
  m_PrefabInstance: {fileID: 135984555}
  m_PrefabAsset: {fileID: 0}
--- !u!1 &153914664 stripped
GameObject:
  m_CorrespondingSourceObject: {fileID: 132536, guid: 67117722a812a2e46ab8cb8eafbf5f5e,
    type: 3}
  m_PrefabInstance: {fileID: 690214283}
  m_PrefabAsset: {fileID: 0}
--- !u!1001 &181927937
PrefabInstance:
  m_ObjectHideFlags: 0
  serializedVersion: 2
  m_Modification:
    m_TransformParent: {fileID: 2133757935}
    m_Modifications:
    - target: {fileID: 4927920980247362, guid: ca9f27db69b400b43846f16834e6cef3, type: 3}
      propertyPath: m_LocalPosition.x
      value: 207.02423
      objectReference: {fileID: 0}
    - target: {fileID: 4927920980247362, guid: ca9f27db69b400b43846f16834e6cef3, type: 3}
      propertyPath: m_LocalPosition.y
      value: 131.33273
      objectReference: {fileID: 0}
    - target: {fileID: 4927920980247362, guid: ca9f27db69b400b43846f16834e6cef3, type: 3}
      propertyPath: m_LocalPosition.z
      value: 226.12515
      objectReference: {fileID: 0}
    - target: {fileID: 4927920980247362, guid: ca9f27db69b400b43846f16834e6cef3, type: 3}
      propertyPath: m_LocalRotation.x
      value: -0
      objectReference: {fileID: 0}
    - target: {fileID: 4927920980247362, guid: ca9f27db69b400b43846f16834e6cef3, type: 3}
      propertyPath: m_LocalRotation.y
      value: -0
      objectReference: {fileID: 0}
    - target: {fileID: 4927920980247362, guid: ca9f27db69b400b43846f16834e6cef3, type: 3}
      propertyPath: m_LocalRotation.z
      value: -0
      objectReference: {fileID: 0}
    - target: {fileID: 4927920980247362, guid: ca9f27db69b400b43846f16834e6cef3, type: 3}
      propertyPath: m_LocalRotation.w
      value: 1
      objectReference: {fileID: 0}
    - target: {fileID: 4927920980247362, guid: ca9f27db69b400b43846f16834e6cef3, type: 3}
      propertyPath: m_RootOrder
      value: 3
      objectReference: {fileID: 0}
    - target: {fileID: 114279292516618714, guid: ca9f27db69b400b43846f16834e6cef3,
        type: 3}
      propertyPath: StartingAmount
      value: 20
      objectReference: {fileID: 0}
    - target: {fileID: 114279292516618714, guid: ca9f27db69b400b43846f16834e6cef3,
        type: 3}
      propertyPath: Mixer
      value: 
      objectReference: {fileID: 24100000, guid: 6b20b428a195ecc42be86b4343789011,
        type: 2}
    - target: {fileID: 114279292516618714, guid: ca9f27db69b400b43846f16834e6cef3,
        type: 3}
      propertyPath: Group
      value: 
      objectReference: {fileID: 243581909582061514, guid: 6b20b428a195ecc42be86b4343789011,
        type: 2}
    m_RemovedComponents: []
  m_SourcePrefab: {fileID: 100100000, guid: ca9f27db69b400b43846f16834e6cef3, type: 3}
--- !u!1 &306056683
GameObject:
  m_ObjectHideFlags: 0
  m_CorrespondingSourceObject: {fileID: 0}
  m_PrefabInstance: {fileID: 0}
  m_PrefabAsset: {fileID: 0}
  serializedVersion: 6
  m_Component:
  - component: {fileID: 306056685}
  - component: {fileID: 306056684}
  m_Layer: 0
  m_Name: PauseMenuHolder
  m_TagString: Untagged
  m_Icon: {fileID: 0}
  m_NavMeshLayer: 0
  m_StaticEditorFlags: 0
  m_IsActive: 1
--- !u!114 &306056684
MonoBehaviour:
  m_ObjectHideFlags: 0
  m_CorrespondingSourceObject: {fileID: 0}
  m_PrefabInstance: {fileID: 0}
  m_PrefabAsset: {fileID: 0}
  m_GameObject: {fileID: 306056683}
  m_Enabled: 1
  m_EditorHideFlags: 0
  m_Script: {fileID: 11500000, guid: 79896dd340ab5e542892980011176139, type: 3}
  m_Name: 
  m_EditorClassIdentifier: 
  Items:
  - {fileID: 1232561335}
  MaintainActive: []
--- !u!4 &306056685
Transform:
  m_ObjectHideFlags: 0
  m_CorrespondingSourceObject: {fileID: 0}
  m_PrefabInstance: {fileID: 0}
  m_PrefabAsset: {fileID: 0}
  m_GameObject: {fileID: 306056683}
  m_LocalRotation: {x: -0, y: -0, z: -0, w: 1}
  m_LocalPosition: {x: -562.78485, y: -296.41684, z: 225.5939}
  m_LocalScale: {x: 1, y: 1, z: 1}
  m_Children:
  - {fileID: 1314016254}
  m_Father: {fileID: 1375939457}
  m_RootOrder: 1
  m_LocalEulerAnglesHint: {x: 0, y: 0, z: 0}
--- !u!1 &341442742 stripped
GameObject:
  m_CorrespondingSourceObject: {fileID: 1541032622099016, guid: 602969bf206832944b5e0434d5800b01,
    type: 3}
  m_PrefabInstance: {fileID: 2096646400}
  m_PrefabAsset: {fileID: 0}
--- !u!95 &341442743
Animator:
  serializedVersion: 3
  m_ObjectHideFlags: 0
  m_CorrespondingSourceObject: {fileID: 0}
  m_PrefabInstance: {fileID: 0}
  m_PrefabAsset: {fileID: 0}
  m_GameObject: {fileID: 341442742}
  m_Enabled: 1
  m_Avatar: {fileID: 0}
  m_Controller: {fileID: 0}
  m_CullingMode: 0
  m_UpdateMode: 0
  m_ApplyRootMotion: 0
  m_LinearVelocityBlending: 0
  m_WarningMessage: 
  m_HasTransformHierarchy: 1
  m_AllowConstantClipSamplingOptimization: 1
  m_KeepAnimatorControllerStateOnDisable: 0
--- !u!224 &393209205 stripped
RectTransform:
  m_CorrespondingSourceObject: {fileID: 224090352951650644, guid: d06ac6b93e05a804098691d70fa82154,
    type: 3}
  m_PrefabInstance: {fileID: 2087567574}
  m_PrefabAsset: {fileID: 0}
--- !u!114 &468026306 stripped
MonoBehaviour:
  m_CorrespondingSourceObject: {fileID: 114877326887408750, guid: d06ac6b93e05a804098691d70fa82154,
    type: 3}
  m_PrefabInstance: {fileID: 2087567574}
  m_PrefabAsset: {fileID: 0}
  m_GameObject: {fileID: 470357670}
  m_Enabled: 1
  m_EditorHideFlags: 0
  m_Script: {fileID: 11500000, guid: 67db9e8f0e2ae9c40bc1e2b64352a6b4, type: 3}
  m_Name: 
  m_EditorClassIdentifier: 
--- !u!1 &470357670 stripped
GameObject:
  m_CorrespondingSourceObject: {fileID: 1453147299495146, guid: d06ac6b93e05a804098691d70fa82154,
    type: 3}
  m_PrefabInstance: {fileID: 2087567574}
  m_PrefabAsset: {fileID: 0}
--- !u!114 &470357672
MonoBehaviour:
  m_ObjectHideFlags: 0
  m_CorrespondingSourceObject: {fileID: 0}
  m_PrefabInstance: {fileID: 0}
  m_PrefabAsset: {fileID: 0}
  m_GameObject: {fileID: 470357670}
  m_Enabled: 1
  m_EditorHideFlags: 0
  m_Script: {fileID: 11500000, guid: d0b148fe25e99eb48b9724523833bab1, type: 3}
  m_Name: 
  m_EditorClassIdentifier: 
  m_Delegates: []
--- !u!1 &579893230
GameObject:
  m_ObjectHideFlags: 0
  m_CorrespondingSourceObject: {fileID: 0}
  m_PrefabInstance: {fileID: 0}
  m_PrefabAsset: {fileID: 0}
  serializedVersion: 6
  m_Component:
  - component: {fileID: 579893232}
  - component: {fileID: 579893231}
  m_Layer: 0
  m_Name: Timekeeper
  m_TagString: Untagged
  m_Icon: {fileID: 0}
  m_NavMeshLayer: 0
  m_StaticEditorFlags: 0
  m_IsActive: 1
--- !u!114 &579893231
MonoBehaviour:
  m_ObjectHideFlags: 0
  m_CorrespondingSourceObject: {fileID: 0}
  m_PrefabInstance: {fileID: 0}
  m_PrefabAsset: {fileID: 0}
  m_GameObject: {fileID: 579893230}
  m_Enabled: 1
  m_EditorHideFlags: 0
  m_Script: {fileID: 11500000, guid: d51eb218c7b493b46865a3eb860b8980, type: 3}
  m_Name: 
  m_EditorClassIdentifier: 
--- !u!4 &579893232
Transform:
  m_ObjectHideFlags: 0
  m_CorrespondingSourceObject: {fileID: 0}
  m_PrefabInstance: {fileID: 0}
  m_PrefabAsset: {fileID: 0}
  m_GameObject: {fileID: 579893230}
  m_LocalRotation: {x: -0, y: -0, z: -0, w: 1}
  m_LocalPosition: {x: -625.407, y: -265.58746, z: 231.58463}
  m_LocalScale: {x: 1, y: 1, z: 1}
  m_Children: []
  m_Father: {fileID: 2133757935}
  m_RootOrder: 4
  m_LocalEulerAnglesHint: {x: 0, y: 0, z: 0}
--- !u!1001 &690214283
PrefabInstance:
  m_ObjectHideFlags: 0
  serializedVersion: 2
  m_Modification:
    m_TransformParent: {fileID: 2049225436}
    m_Modifications:
    - target: {fileID: 132536, guid: 67117722a812a2e46ab8cb8eafbf5f5e, type: 3}
      propertyPath: m_IsActive
      value: 0
      objectReference: {fileID: 0}
    - target: {fileID: 11414302, guid: 67117722a812a2e46ab8cb8eafbf5f5e, type: 3}
      propertyPath: m_Value
      value: 1
      objectReference: {fileID: 0}
    - target: {fileID: 11440770, guid: 67117722a812a2e46ab8cb8eafbf5f5e, type: 3}
      propertyPath: m_MatchWidthOrHeight
      value: 0
      objectReference: {fileID: 0}
    - target: {fileID: 11440770, guid: 67117722a812a2e46ab8cb8eafbf5f5e, type: 3}
      propertyPath: m_ScreenMatchMode
      value: 1
      objectReference: {fileID: 0}
    - target: {fileID: 11440770, guid: 67117722a812a2e46ab8cb8eafbf5f5e, type: 3}
      propertyPath: m_UiScaleMode
      value: 2
      objectReference: {fileID: 0}
    - target: {fileID: 22331464, guid: 67117722a812a2e46ab8cb8eafbf5f5e, type: 3}
      propertyPath: m_RenderMode
      value: 0
      objectReference: {fileID: 0}
    - target: {fileID: 22331464, guid: 67117722a812a2e46ab8cb8eafbf5f5e, type: 3}
      propertyPath: m_Camera
      value: 
      objectReference: {fileID: 0}
    - target: {fileID: 22331464, guid: 67117722a812a2e46ab8cb8eafbf5f5e, type: 3}
      propertyPath: m_SortingLayerID
      value: -833775311
      objectReference: {fileID: 0}
    - target: {fileID: 22331464, guid: 67117722a812a2e46ab8cb8eafbf5f5e, type: 3}
      propertyPath: m_AdditionalShaderChannelsFlag
      value: 0
      objectReference: {fileID: 0}
    - target: {fileID: 22400762, guid: 67117722a812a2e46ab8cb8eafbf5f5e, type: 3}
      propertyPath: m_AnchoredPosition.y
      value: 0.000015258789
      objectReference: {fileID: 0}
    - target: {fileID: 22414360, guid: 67117722a812a2e46ab8cb8eafbf5f5e, type: 3}
      propertyPath: m_AnchoredPosition.x
      value: -100
      objectReference: {fileID: 0}
    - target: {fileID: 22414360, guid: 67117722a812a2e46ab8cb8eafbf5f5e, type: 3}
      propertyPath: m_AnchorMin.y
      value: 1
      objectReference: {fileID: 0}
    - target: {fileID: 22414360, guid: 67117722a812a2e46ab8cb8eafbf5f5e, type: 3}
      propertyPath: m_AnchorMax.y
      value: 1
      objectReference: {fileID: 0}
    - target: {fileID: 22414360, guid: 67117722a812a2e46ab8cb8eafbf5f5e, type: 3}
      propertyPath: m_AnchoredPosition.y
      value: -300
      objectReference: {fileID: 0}
    - target: {fileID: 22426080, guid: 67117722a812a2e46ab8cb8eafbf5f5e, type: 3}
      propertyPath: m_AnchorMax.x
      value: 1
      objectReference: {fileID: 0}
    - target: {fileID: 22426080, guid: 67117722a812a2e46ab8cb8eafbf5f5e, type: 3}
      propertyPath: m_AnchorMax.y
      value: 1
      objectReference: {fileID: 0}
    - target: {fileID: 22426080, guid: 67117722a812a2e46ab8cb8eafbf5f5e, type: 3}
      propertyPath: m_AnchorMin.y
      value: 0
      objectReference: {fileID: 0}
    - target: {fileID: 22428984, guid: 67117722a812a2e46ab8cb8eafbf5f5e, type: 3}
      propertyPath: m_AnchorMin.y
      value: 1
      objectReference: {fileID: 0}
    - target: {fileID: 22428984, guid: 67117722a812a2e46ab8cb8eafbf5f5e, type: 3}
      propertyPath: m_AnchorMax.y
      value: 1
      objectReference: {fileID: 0}
    - target: {fileID: 22428984, guid: 67117722a812a2e46ab8cb8eafbf5f5e, type: 3}
      propertyPath: m_AnchoredPosition.x
      value: 463.07095
      objectReference: {fileID: 0}
    - target: {fileID: 22428984, guid: 67117722a812a2e46ab8cb8eafbf5f5e, type: 3}
      propertyPath: m_AnchoredPosition.y
      value: -18
      objectReference: {fileID: 0}
    - target: {fileID: 22428984, guid: 67117722a812a2e46ab8cb8eafbf5f5e, type: 3}
      propertyPath: m_SizeDelta.x
      value: 185.22838
      objectReference: {fileID: 0}
    - target: {fileID: 22428984, guid: 67117722a812a2e46ab8cb8eafbf5f5e, type: 3}
      propertyPath: m_SizeDelta.y
      value: 36
      objectReference: {fileID: 0}
    - target: {fileID: 22455554, guid: 67117722a812a2e46ab8cb8eafbf5f5e, type: 3}
      propertyPath: m_AnchorMin.y
      value: 1
      objectReference: {fileID: 0}
    - target: {fileID: 22455554, guid: 67117722a812a2e46ab8cb8eafbf5f5e, type: 3}
      propertyPath: m_AnchorMax.y
      value: 1
      objectReference: {fileID: 0}
    - target: {fileID: 22455554, guid: 67117722a812a2e46ab8cb8eafbf5f5e, type: 3}
      propertyPath: m_AnchoredPosition.x
      value: 648.2993
      objectReference: {fileID: 0}
    - target: {fileID: 22455554, guid: 67117722a812a2e46ab8cb8eafbf5f5e, type: 3}
      propertyPath: m_AnchoredPosition.y
      value: -18
      objectReference: {fileID: 0}
    - target: {fileID: 22455554, guid: 67117722a812a2e46ab8cb8eafbf5f5e, type: 3}
      propertyPath: m_SizeDelta.x
      value: 185.22838
      objectReference: {fileID: 0}
    - target: {fileID: 22455554, guid: 67117722a812a2e46ab8cb8eafbf5f5e, type: 3}
      propertyPath: m_SizeDelta.y
      value: 36
      objectReference: {fileID: 0}
    - target: {fileID: 22457152, guid: 67117722a812a2e46ab8cb8eafbf5f5e, type: 3}
      propertyPath: m_LocalPosition.x
      value: 0
      objectReference: {fileID: 0}
    - target: {fileID: 22457152, guid: 67117722a812a2e46ab8cb8eafbf5f5e, type: 3}
      propertyPath: m_LocalPosition.y
      value: 0
      objectReference: {fileID: 0}
    - target: {fileID: 22457152, guid: 67117722a812a2e46ab8cb8eafbf5f5e, type: 3}
      propertyPath: m_LocalPosition.z
      value: 0
      objectReference: {fileID: 0}
    - target: {fileID: 22457152, guid: 67117722a812a2e46ab8cb8eafbf5f5e, type: 3}
      propertyPath: m_LocalRotation.x
      value: 0
      objectReference: {fileID: 0}
    - target: {fileID: 22457152, guid: 67117722a812a2e46ab8cb8eafbf5f5e, type: 3}
      propertyPath: m_LocalRotation.y
      value: 0
      objectReference: {fileID: 0}
    - target: {fileID: 22457152, guid: 67117722a812a2e46ab8cb8eafbf5f5e, type: 3}
      propertyPath: m_LocalRotation.z
      value: 0
      objectReference: {fileID: 0}
    - target: {fileID: 22457152, guid: 67117722a812a2e46ab8cb8eafbf5f5e, type: 3}
      propertyPath: m_LocalRotation.w
      value: 1
      objectReference: {fileID: 0}
    - target: {fileID: 22457152, guid: 67117722a812a2e46ab8cb8eafbf5f5e, type: 3}
      propertyPath: m_RootOrder
      value: 0
      objectReference: {fileID: 0}
    - target: {fileID: 22457152, guid: 67117722a812a2e46ab8cb8eafbf5f5e, type: 3}
      propertyPath: m_AnchoredPosition.x
      value: 0
      objectReference: {fileID: 0}
    - target: {fileID: 22457152, guid: 67117722a812a2e46ab8cb8eafbf5f5e, type: 3}
      propertyPath: m_AnchoredPosition.y
      value: 0
      objectReference: {fileID: 0}
    - target: {fileID: 22457152, guid: 67117722a812a2e46ab8cb8eafbf5f5e, type: 3}
      propertyPath: m_SizeDelta.x
      value: 0
      objectReference: {fileID: 0}
    - target: {fileID: 22457152, guid: 67117722a812a2e46ab8cb8eafbf5f5e, type: 3}
      propertyPath: m_SizeDelta.y
      value: 0
      objectReference: {fileID: 0}
    - target: {fileID: 22457152, guid: 67117722a812a2e46ab8cb8eafbf5f5e, type: 3}
      propertyPath: m_AnchorMin.x
      value: 0
      objectReference: {fileID: 0}
    - target: {fileID: 22457152, guid: 67117722a812a2e46ab8cb8eafbf5f5e, type: 3}
      propertyPath: m_AnchorMin.y
      value: 0
      objectReference: {fileID: 0}
    - target: {fileID: 22457152, guid: 67117722a812a2e46ab8cb8eafbf5f5e, type: 3}
      propertyPath: m_AnchorMax.x
      value: 0
      objectReference: {fileID: 0}
    - target: {fileID: 22457152, guid: 67117722a812a2e46ab8cb8eafbf5f5e, type: 3}
      propertyPath: m_AnchorMax.y
      value: 0
      objectReference: {fileID: 0}
    - target: {fileID: 22457152, guid: 67117722a812a2e46ab8cb8eafbf5f5e, type: 3}
      propertyPath: m_Pivot.x
      value: 0
      objectReference: {fileID: 0}
    - target: {fileID: 22457152, guid: 67117722a812a2e46ab8cb8eafbf5f5e, type: 3}
      propertyPath: m_Pivot.y
      value: 0
      objectReference: {fileID: 0}
    - target: {fileID: 22468896, guid: 67117722a812a2e46ab8cb8eafbf5f5e, type: 3}
      propertyPath: m_AnchorMin.y
      value: 1
      objectReference: {fileID: 0}
    - target: {fileID: 22468896, guid: 67117722a812a2e46ab8cb8eafbf5f5e, type: 3}
      propertyPath: m_AnchorMax.y
      value: 1
      objectReference: {fileID: 0}
    - target: {fileID: 22468896, guid: 67117722a812a2e46ab8cb8eafbf5f5e, type: 3}
      propertyPath: m_AnchoredPosition.x
      value: 1018.7561
      objectReference: {fileID: 0}
    - target: {fileID: 22468896, guid: 67117722a812a2e46ab8cb8eafbf5f5e, type: 3}
      propertyPath: m_AnchoredPosition.y
      value: -18
      objectReference: {fileID: 0}
    - target: {fileID: 22468896, guid: 67117722a812a2e46ab8cb8eafbf5f5e, type: 3}
      propertyPath: m_SizeDelta.x
      value: 185.22838
      objectReference: {fileID: 0}
    - target: {fileID: 22468896, guid: 67117722a812a2e46ab8cb8eafbf5f5e, type: 3}
      propertyPath: m_SizeDelta.y
      value: 36
      objectReference: {fileID: 0}
    - target: {fileID: 22488670, guid: 67117722a812a2e46ab8cb8eafbf5f5e, type: 3}
      propertyPath: m_AnchorMin.y
      value: 1
      objectReference: {fileID: 0}
    - target: {fileID: 22488670, guid: 67117722a812a2e46ab8cb8eafbf5f5e, type: 3}
      propertyPath: m_AnchorMax.y
      value: 1
      objectReference: {fileID: 0}
    - target: {fileID: 22488670, guid: 67117722a812a2e46ab8cb8eafbf5f5e, type: 3}
      propertyPath: m_AnchoredPosition.x
      value: 277.84256
      objectReference: {fileID: 0}
    - target: {fileID: 22488670, guid: 67117722a812a2e46ab8cb8eafbf5f5e, type: 3}
      propertyPath: m_AnchoredPosition.y
      value: -18
      objectReference: {fileID: 0}
    - target: {fileID: 22488670, guid: 67117722a812a2e46ab8cb8eafbf5f5e, type: 3}
      propertyPath: m_SizeDelta.x
      value: 185.22838
      objectReference: {fileID: 0}
    - target: {fileID: 22488670, guid: 67117722a812a2e46ab8cb8eafbf5f5e, type: 3}
      propertyPath: m_SizeDelta.y
      value: 36
      objectReference: {fileID: 0}
    - target: {fileID: 22495692, guid: 67117722a812a2e46ab8cb8eafbf5f5e, type: 3}
      propertyPath: m_AnchorMin.y
      value: 1
      objectReference: {fileID: 0}
    - target: {fileID: 22495692, guid: 67117722a812a2e46ab8cb8eafbf5f5e, type: 3}
      propertyPath: m_AnchorMax.y
      value: 1
      objectReference: {fileID: 0}
    - target: {fileID: 22495692, guid: 67117722a812a2e46ab8cb8eafbf5f5e, type: 3}
      propertyPath: m_AnchoredPosition.x
      value: 833.5277
      objectReference: {fileID: 0}
    - target: {fileID: 22495692, guid: 67117722a812a2e46ab8cb8eafbf5f5e, type: 3}
      propertyPath: m_AnchoredPosition.y
      value: -18
      objectReference: {fileID: 0}
    - target: {fileID: 22495692, guid: 67117722a812a2e46ab8cb8eafbf5f5e, type: 3}
      propertyPath: m_SizeDelta.x
      value: 185.22838
      objectReference: {fileID: 0}
    - target: {fileID: 22495692, guid: 67117722a812a2e46ab8cb8eafbf5f5e, type: 3}
      propertyPath: m_SizeDelta.y
      value: 36
      objectReference: {fileID: 0}
    - target: {fileID: 224856348943071238, guid: 67117722a812a2e46ab8cb8eafbf5f5e,
        type: 3}
      propertyPath: m_AnchorMin.y
      value: 1
      objectReference: {fileID: 0}
    - target: {fileID: 224856348943071238, guid: 67117722a812a2e46ab8cb8eafbf5f5e,
        type: 3}
      propertyPath: m_AnchorMax.y
      value: 1
      objectReference: {fileID: 0}
    - target: {fileID: 224856348943071238, guid: 67117722a812a2e46ab8cb8eafbf5f5e,
        type: 3}
      propertyPath: m_AnchoredPosition.x
      value: 92.61419
      objectReference: {fileID: 0}
    - target: {fileID: 224856348943071238, guid: 67117722a812a2e46ab8cb8eafbf5f5e,
        type: 3}
      propertyPath: m_AnchoredPosition.y
      value: -18
      objectReference: {fileID: 0}
    - target: {fileID: 224856348943071238, guid: 67117722a812a2e46ab8cb8eafbf5f5e,
        type: 3}
      propertyPath: m_SizeDelta.x
      value: 185.22838
      objectReference: {fileID: 0}
    - target: {fileID: 224856348943071238, guid: 67117722a812a2e46ab8cb8eafbf5f5e,
        type: 3}
      propertyPath: m_SizeDelta.y
      value: 36
      objectReference: {fileID: 0}
    m_RemovedComponents: []
  m_SourcePrefab: {fileID: 100100000, guid: 67117722a812a2e46ab8cb8eafbf5f5e, type: 3}
--- !u!4 &751015902 stripped
Transform:
  m_CorrespondingSourceObject: {fileID: 4270344151760082, guid: 4a266eaf4e90385449868ab53859b5f7,
    type: 3}
  m_PrefabInstance: {fileID: 1712502861}
  m_PrefabAsset: {fileID: 0}
--- !u!1 &892695671 stripped
GameObject:
  m_CorrespondingSourceObject: {fileID: 1499914189748902, guid: d06ac6b93e05a804098691d70fa82154,
    type: 3}
  m_PrefabInstance: {fileID: 2087567574}
  m_PrefabAsset: {fileID: 0}
--- !u!114 &892695676
MonoBehaviour:
  m_ObjectHideFlags: 0
  m_CorrespondingSourceObject: {fileID: 0}
  m_PrefabInstance: {fileID: 0}
  m_PrefabAsset: {fileID: 0}
  m_GameObject: {fileID: 892695671}
  m_Enabled: 1
  m_EditorHideFlags: 0
  m_Script: {fileID: 11500000, guid: a79441f348de89743a2939f4d699eac1, type: 3}
  m_Name: 
  m_EditorClassIdentifier: 
  m_RenderShadows: 1
  m_RequiresDepthTextureOption: 2
  m_RequiresOpaqueTextureOption: 2
  m_CameraType: 0
  m_Cameras: []
  m_RendererIndex: -1
  m_VolumeLayerMask:
    serializedVersion: 2
    m_Bits: 1
  m_VolumeTrigger: {fileID: 0}
  m_RenderPostProcessing: 0
  m_Antialiasing: 0
  m_AntialiasingQuality: 2
  m_StopNaN: 0
  m_Dithering: 0
  m_ClearDepth: 1
  m_RequiresDepthTexture: 0
  m_RequiresColorTexture: 0
  m_Version: 2
--- !u!1 &948699006
GameObject:
  m_ObjectHideFlags: 0
  m_CorrespondingSourceObject: {fileID: 0}
  m_PrefabInstance: {fileID: 0}
  m_PrefabAsset: {fileID: 0}
  serializedVersion: 6
  m_Component:
  - component: {fileID: 948699007}
  - component: {fileID: 948699009}
  - component: {fileID: 948699008}
  m_Layer: 5
  m_Name: Text
  m_TagString: Untagged
  m_Icon: {fileID: 0}
  m_NavMeshLayer: 0
  m_StaticEditorFlags: 0
  m_IsActive: 1
--- !u!224 &948699007
RectTransform:
  m_ObjectHideFlags: 0
  m_CorrespondingSourceObject: {fileID: 0}
  m_PrefabInstance: {fileID: 0}
  m_PrefabAsset: {fileID: 0}
  m_GameObject: {fileID: 948699006}
  m_LocalRotation: {x: 0, y: 0, z: 0, w: 1}
  m_LocalPosition: {x: 0, y: 0, z: 0}
  m_LocalScale: {x: 0.65, y: 1, z: 1}
  m_Children: []
  m_Father: {fileID: 393209205}
  m_RootOrder: 3
  m_LocalEulerAnglesHint: {x: 0, y: 0, z: 0}
  m_AnchorMin: {x: 0.5, y: 0.5}
  m_AnchorMax: {x: 0.5, y: 0.5}
  m_AnchoredPosition: {x: -0, y: -24}
  m_SizeDelta: {x: 160, y: 30}
  m_Pivot: {x: 0.5, y: 0.5}
--- !u!114 &948699008
MonoBehaviour:
  m_ObjectHideFlags: 0
  m_CorrespondingSourceObject: {fileID: 0}
  m_PrefabInstance: {fileID: 0}
  m_PrefabAsset: {fileID: 0}
  m_GameObject: {fileID: 948699006}
  m_Enabled: 1
  m_EditorHideFlags: 0
  m_Script: {fileID: 11500000, guid: 5f7201a12d95ffc409449d95f23cf332, type: 3}
  m_Name: 
  m_EditorClassIdentifier: 
  m_Material: {fileID: 0}
  m_Color: {r: 1, g: 1, b: 1, a: 1}
  m_RaycastTarget: 1
  m_Maskable: 1
  m_OnCullStateChanged:
    m_PersistentCalls:
      m_Calls: []
  m_FontData:
    m_Font: {fileID: 10102, guid: 0000000000000000e000000000000000, type: 0}
    m_FontSize: 14
    m_FontStyle: 1
    m_BestFit: 0
    m_MinSize: 10
    m_MaxSize: 40
    m_Alignment: 1
    m_AlignByGeometry: 0
    m_RichText: 0
    m_HorizontalOverflow: 0
    m_VerticalOverflow: 0
    m_LineSpacing: 1
  m_Text: Music Volume
--- !u!222 &948699009
CanvasRenderer:
  m_ObjectHideFlags: 0
  m_CorrespondingSourceObject: {fileID: 0}
  m_PrefabInstance: {fileID: 0}
  m_PrefabAsset: {fileID: 0}
  m_GameObject: {fileID: 948699006}
  m_CullTransparentMesh: 0
--- !u!1001 &950198606
PrefabInstance:
  m_ObjectHideFlags: 0
  serializedVersion: 2
  m_Modification:
    m_TransformParent: {fileID: 2133757935}
    m_Modifications:
    - target: {fileID: 1763058891801864, guid: ff6844453fbec294da936264d2b2ea9c, type: 3}
      propertyPath: m_Name
      value: Level
      objectReference: {fileID: 0}
    - target: {fileID: 4595536671652130, guid: ff6844453fbec294da936264d2b2ea9c, type: 3}
      propertyPath: m_LocalPosition.x
      value: -625.61725
      objectReference: {fileID: 0}
    - target: {fileID: 4595536671652130, guid: ff6844453fbec294da936264d2b2ea9c, type: 3}
      propertyPath: m_LocalPosition.y
      value: -265.05426
      objectReference: {fileID: 0}
    - target: {fileID: 4595536671652130, guid: ff6844453fbec294da936264d2b2ea9c, type: 3}
      propertyPath: m_LocalPosition.z
      value: 216.12515
      objectReference: {fileID: 0}
    - target: {fileID: 4595536671652130, guid: ff6844453fbec294da936264d2b2ea9c, type: 3}
      propertyPath: m_LocalRotation.x
      value: -0
      objectReference: {fileID: 0}
    - target: {fileID: 4595536671652130, guid: ff6844453fbec294da936264d2b2ea9c, type: 3}
      propertyPath: m_LocalRotation.y
      value: -0
      objectReference: {fileID: 0}
    - target: {fileID: 4595536671652130, guid: ff6844453fbec294da936264d2b2ea9c, type: 3}
      propertyPath: m_LocalRotation.z
      value: -0
      objectReference: {fileID: 0}
    - target: {fileID: 4595536671652130, guid: ff6844453fbec294da936264d2b2ea9c, type: 3}
      propertyPath: m_LocalRotation.w
      value: 1
      objectReference: {fileID: 0}
    - target: {fileID: 4595536671652130, guid: ff6844453fbec294da936264d2b2ea9c, type: 3}
      propertyPath: m_RootOrder
      value: 0
      objectReference: {fileID: 0}
    - target: {fileID: 114038003289114902, guid: ff6844453fbec294da936264d2b2ea9c,
        type: 3}
      propertyPath: MasterSceneName
      value: Volcano-Master
      objectReference: {fileID: 0}
    - target: {fileID: 114038003289114902, guid: ff6844453fbec294da936264d2b2ea9c,
        type: 3}
      propertyPath: StartingSceneName
      value: Volcano
      objectReference: {fileID: 0}
    - target: {fileID: 114038003289114902, guid: ff6844453fbec294da936264d2b2ea9c,
        type: 3}
      propertyPath: UseDebug
      value: 0
      objectReference: {fileID: 0}
    - target: {fileID: 114038003289114902, guid: ff6844453fbec294da936264d2b2ea9c,
        type: 3}
      propertyPath: DebugLastCheckpoint.x
      value: 900
      objectReference: {fileID: 0}
    - target: {fileID: 114038003289114902, guid: ff6844453fbec294da936264d2b2ea9c,
        type: 3}
      propertyPath: DebugLastCheckpoint.y
      value: 258.5
      objectReference: {fileID: 0}
    - target: {fileID: 114038003289114902, guid: ff6844453fbec294da936264d2b2ea9c,
        type: 3}
      propertyPath: CheckpointZoomLevel
      value: 8.5
      objectReference: {fileID: 0}
    - target: {fileID: 114038003289114902, guid: ff6844453fbec294da936264d2b2ea9c,
        type: 3}
      propertyPath: StartingPoint.x
      value: 702.01
      objectReference: {fileID: 0}
    - target: {fileID: 114038003289114902, guid: ff6844453fbec294da936264d2b2ea9c,
        type: 3}
      propertyPath: StartingPoint.y
      value: 172.96
      objectReference: {fileID: 0}
    - target: {fileID: 114038003289114902, guid: ff6844453fbec294da936264d2b2ea9c,
        type: 3}
      propertyPath: DebugStartingPoint
      value: 
      objectReference: {fileID: 1491913700}
    - target: {fileID: 114038003289114902, guid: ff6844453fbec294da936264d2b2ea9c,
        type: 3}
      propertyPath: UseDebugStartPoint
      value: 1
      objectReference: {fileID: 0}
    - target: {fileID: 114038003289114902, guid: ff6844453fbec294da936264d2b2ea9c,
        type: 3}
      propertyPath: UseDebugCheckPoint
      value: 0
      objectReference: {fileID: 0}
    m_RemovedComponents:
    - {fileID: 114038003289114902, guid: ff6844453fbec294da936264d2b2ea9c, type: 3}
  m_SourcePrefab: {fileID: 100100000, guid: ff6844453fbec294da936264d2b2ea9c, type: 3}
--- !u!4 &1118074950 stripped
Transform:
  m_CorrespondingSourceObject: {fileID: 4271913256875462, guid: 131dcbee942d467469d8330028960021,
    type: 3}
  m_PrefabInstance: {fileID: 1986735511}
  m_PrefabAsset: {fileID: 0}
--- !u!1 &1179548899
GameObject:
  m_ObjectHideFlags: 0
  m_CorrespondingSourceObject: {fileID: 0}
  m_PrefabInstance: {fileID: 0}
  m_PrefabAsset: {fileID: 0}
  serializedVersion: 6
  m_Component:
  - component: {fileID: 1179548901}
  - component: {fileID: 1179548900}
  m_Layer: 0
  m_Name: PoolManager
  m_TagString: Untagged
  m_Icon: {fileID: 0}
  m_NavMeshLayer: 0
  m_StaticEditorFlags: 0
  m_IsActive: 1
--- !u!114 &1179548900
MonoBehaviour:
  m_ObjectHideFlags: 0
  m_CorrespondingSourceObject: {fileID: 0}
  m_PrefabInstance: {fileID: 0}
  m_PrefabAsset: {fileID: 0}
  m_GameObject: {fileID: 1179548899}
  m_Enabled: 1
  m_EditorHideFlags: 0
  m_Script: {fileID: 11500000, guid: 12e51d46aadf24b4b813981141443db3, type: 3}
  m_Name: 
  m_EditorClassIdentifier: 
  databaseName: 
  selectedItem: 0
  haveToShowArr: 
--- !u!4 &1179548901
Transform:
  m_ObjectHideFlags: 0
  m_CorrespondingSourceObject: {fileID: 0}
  m_PrefabInstance: {fileID: 0}
  m_PrefabAsset: {fileID: 0}
  m_GameObject: {fileID: 1179548899}
  m_LocalRotation: {x: 0, y: 0, z: 0, w: 1}
  m_LocalPosition: {x: 0, y: 0, z: 0}
  m_LocalScale: {x: 1, y: 1, z: 1}
  m_Children: []
  m_Father: {fileID: 0}
  m_RootOrder: 5
  m_LocalEulerAnglesHint: {x: 0, y: 0, z: 0}
--- !u!1 &1232561335 stripped
GameObject:
  m_CorrespondingSourceObject: {fileID: 1370419994151518, guid: d06ac6b93e05a804098691d70fa82154,
    type: 3}
  m_PrefabInstance: {fileID: 2087567574}
  m_PrefabAsset: {fileID: 0}
--- !u!114 &1232561340
MonoBehaviour:
  m_ObjectHideFlags: 0
  m_CorrespondingSourceObject: {fileID: 0}
  m_PrefabInstance: {fileID: 0}
  m_PrefabAsset: {fileID: 0}
  m_GameObject: {fileID: 1232561335}
  m_Enabled: 1
  m_EditorHideFlags: 0
  m_Script: {fileID: 11500000, guid: 76c392e42b5098c458856cdf6ecaaaa1, type: 3}
  m_Name: 
  m_EditorClassIdentifier: 
  m_FirstSelected: {fileID: 1510183252}
  m_sendNavigationEvents: 1
  m_DragThreshold: 10
--- !u!224 &1266084922 stripped
RectTransform:
  m_CorrespondingSourceObject: {fileID: 22457152, guid: 67117722a812a2e46ab8cb8eafbf5f5e,
    type: 3}
  m_PrefabInstance: {fileID: 690214283}
  m_PrefabAsset: {fileID: 0}
--- !u!224 &1314016254 stripped
RectTransform:
  m_CorrespondingSourceObject: {fileID: 224557267773696466, guid: d06ac6b93e05a804098691d70fa82154,
    type: 3}
  m_PrefabInstance: {fileID: 2087567574}
  m_PrefabAsset: {fileID: 0}
--- !u!1 &1375939456
GameObject:
  m_ObjectHideFlags: 0
  m_CorrespondingSourceObject: {fileID: 0}
  m_PrefabInstance: {fileID: 0}
  m_PrefabAsset: {fileID: 0}
  serializedVersion: 6
  m_Component:
  - component: {fileID: 1375939457}
  m_Layer: 0
  m_Name: UI
  m_TagString: Untagged
  m_Icon: {fileID: 0}
  m_NavMeshLayer: 0
  m_StaticEditorFlags: 0
  m_IsActive: 1
--- !u!4 &1375939457
Transform:
  m_ObjectHideFlags: 0
  m_CorrespondingSourceObject: {fileID: 0}
  m_PrefabInstance: {fileID: 0}
  m_PrefabAsset: {fileID: 0}
  m_GameObject: {fileID: 1375939456}
  m_LocalRotation: {x: 0, y: 0, z: 0, w: 1}
  m_LocalPosition: {x: 0, y: 0, z: 0}
  m_LocalScale: {x: 1, y: 1, z: 1}
  m_Children:
  - {fileID: 2049225436}
  - {fileID: 306056685}
  m_Father: {fileID: 0}
  m_RootOrder: 2
  m_LocalEulerAnglesHint: {x: 0, y: 0, z: 0}
--- !u!1 &1491913698
GameObject:
  m_ObjectHideFlags: 0
  m_CorrespondingSourceObject: {fileID: 0}
  m_PrefabInstance: {fileID: 0}
  m_PrefabAsset: {fileID: 0}
  serializedVersion: 6
  m_Component:
  - component: {fileID: 1491913700}
  - component: {fileID: 1491913699}
  m_Layer: 0
  m_Name: DebugStartingPoint
  m_TagString: Untagged
  m_Icon: {fileID: 0}
  m_NavMeshLayer: 0
  m_StaticEditorFlags: 0
  m_IsActive: 1
--- !u!114 &1491913699
MonoBehaviour:
  m_ObjectHideFlags: 0
  m_CorrespondingSourceObject: {fileID: 0}
  m_PrefabInstance: {fileID: 0}
  m_PrefabAsset: {fileID: 0}
  m_GameObject: {fileID: 1491913698}
  m_Enabled: 1
  m_EditorHideFlags: 0
  m_Script: {fileID: 11500000, guid: 792d8927cdcc79f449d7f0afa89cc4b2, type: 3}
  m_Name: 
  m_EditorClassIdentifier: 
  icon: 2
  FillColour: {r: 1, g: 0.92156863, b: 0.015686275, a: 1}
--- !u!4 &1491913700
Transform:
  m_ObjectHideFlags: 0
  m_CorrespondingSourceObject: {fileID: 0}
  m_PrefabInstance: {fileID: 0}
  m_PrefabAsset: {fileID: 0}
  m_GameObject: {fileID: 1491913698}
  m_LocalRotation: {x: 0, y: 0, z: 0, w: 1}
  m_LocalPosition: {x: 460.33, y: 288.69, z: 0}
  m_LocalScale: {x: 1, y: 1, z: 1}
  m_Children: []
  m_Father: {fileID: 0}
  m_RootOrder: 4
  m_LocalEulerAnglesHint: {x: 0, y: 0, z: 0}
--- !u!1 &1510183252 stripped
GameObject:
  m_CorrespondingSourceObject: {fileID: 1230173514478566, guid: d06ac6b93e05a804098691d70fa82154,
    type: 3}
  m_PrefabInstance: {fileID: 2087567574}
  m_PrefabAsset: {fileID: 0}
--- !u!114 &1510183254 stripped
MonoBehaviour:
  m_CorrespondingSourceObject: {fileID: 114694476649993668, guid: d06ac6b93e05a804098691d70fa82154,
    type: 3}
  m_PrefabInstance: {fileID: 2087567574}
  m_PrefabAsset: {fileID: 0}
  m_GameObject: {fileID: 1510183252}
  m_Enabled: 1
  m_EditorHideFlags: 0
  m_Script: {fileID: 11500000, guid: 4e29b1a8efbd4b44bb3f3716e73f07ff, type: 3}
  m_Name: 
  m_EditorClassIdentifier: 
--- !u!114 &1510183257
MonoBehaviour:
  m_ObjectHideFlags: 0
  m_CorrespondingSourceObject: {fileID: 0}
  m_PrefabInstance: {fileID: 0}
  m_PrefabAsset: {fileID: 0}
  m_GameObject: {fileID: 1510183252}
  m_Enabled: 1
  m_EditorHideFlags: 0
  m_Script: {fileID: 11500000, guid: d0b148fe25e99eb48b9724523833bab1, type: 3}
  m_Name: 
  m_EditorClassIdentifier: 
  m_Delegates: []
--- !u!1001 &1570144305
PrefabInstance:
  m_ObjectHideFlags: 0
  serializedVersion: 2
  m_Modification:
    m_TransformParent: {fileID: 0}
    m_Modifications:
    - target: {fileID: 1414353644050896, guid: c71930dc3cdee7447a02bfe3d842582f, type: 3}
      propertyPath: m_Name
      value: Gun Chip Spawner
      objectReference: {fileID: 0}
    - target: {fileID: 4454854724892166, guid: c71930dc3cdee7447a02bfe3d842582f, type: 3}
      propertyPath: m_LocalPosition.x
      value: 688.00604
      objectReference: {fileID: 0}
    - target: {fileID: 4454854724892166, guid: c71930dc3cdee7447a02bfe3d842582f, type: 3}
      propertyPath: m_LocalPosition.y
      value: 478.83752
      objectReference: {fileID: 0}
    - target: {fileID: 4454854724892166, guid: c71930dc3cdee7447a02bfe3d842582f, type: 3}
      propertyPath: m_LocalPosition.z
      value: 0
      objectReference: {fileID: 0}
    - target: {fileID: 4454854724892166, guid: c71930dc3cdee7447a02bfe3d842582f, type: 3}
      propertyPath: m_LocalRotation.x
      value: 0
      objectReference: {fileID: 0}
    - target: {fileID: 4454854724892166, guid: c71930dc3cdee7447a02bfe3d842582f, type: 3}
      propertyPath: m_LocalRotation.y
      value: 0
      objectReference: {fileID: 0}
    - target: {fileID: 4454854724892166, guid: c71930dc3cdee7447a02bfe3d842582f, type: 3}
      propertyPath: m_LocalRotation.z
      value: 0
      objectReference: {fileID: 0}
    - target: {fileID: 4454854724892166, guid: c71930dc3cdee7447a02bfe3d842582f, type: 3}
      propertyPath: m_LocalRotation.w
      value: 1
      objectReference: {fileID: 0}
    - target: {fileID: 4454854724892166, guid: c71930dc3cdee7447a02bfe3d842582f, type: 3}
      propertyPath: m_RootOrder
      value: 1
      objectReference: {fileID: 0}
    - target: {fileID: 4454854724892166, guid: c71930dc3cdee7447a02bfe3d842582f, type: 3}
      propertyPath: m_LocalEulerAnglesHint.x
      value: 0
      objectReference: {fileID: 0}
    - target: {fileID: 4454854724892166, guid: c71930dc3cdee7447a02bfe3d842582f, type: 3}
      propertyPath: m_LocalEulerAnglesHint.y
      value: 0
      objectReference: {fileID: 0}
    - target: {fileID: 4454854724892166, guid: c71930dc3cdee7447a02bfe3d842582f, type: 3}
      propertyPath: m_LocalEulerAnglesHint.z
      value: 0
      objectReference: {fileID: 0}
    m_RemovedComponents: []
  m_SourcePrefab: {fileID: 100100000, guid: c71930dc3cdee7447a02bfe3d842582f, type: 3}
--- !u!1 &1635840627 stripped
GameObject:
  m_CorrespondingSourceObject: {fileID: 1009605697065648, guid: d06ac6b93e05a804098691d70fa82154,
    type: 3}
  m_PrefabInstance: {fileID: 2087567574}
  m_PrefabAsset: {fileID: 0}
--- !u!114 &1635840632
MonoBehaviour:
  m_ObjectHideFlags: 0
  m_CorrespondingSourceObject: {fileID: 0}
  m_PrefabInstance: {fileID: 0}
  m_PrefabAsset: {fileID: 0}
  m_GameObject: {fileID: 1635840627}
  m_Enabled: 1
  m_EditorHideFlags: 0
  m_Script: {fileID: 11500000, guid: d0b148fe25e99eb48b9724523833bab1, type: 3}
  m_Name: 
  m_EditorClassIdentifier: 
  m_Delegates: []
--- !u!1001 &1712502861
PrefabInstance:
  m_ObjectHideFlags: 0
  serializedVersion: 2
  m_Modification:
    m_TransformParent: {fileID: 2133757935}
    m_Modifications:
    - target: {fileID: 4270344151760082, guid: 4a266eaf4e90385449868ab53859b5f7, type: 3}
      propertyPath: m_LocalPosition.x
      value: -625.61725
      objectReference: {fileID: 0}
    - target: {fileID: 4270344151760082, guid: 4a266eaf4e90385449868ab53859b5f7, type: 3}
      propertyPath: m_LocalPosition.y
      value: -265.05426
      objectReference: {fileID: 0}
    - target: {fileID: 4270344151760082, guid: 4a266eaf4e90385449868ab53859b5f7, type: 3}
      propertyPath: m_LocalPosition.z
      value: 226.12515
      objectReference: {fileID: 0}
    - target: {fileID: 4270344151760082, guid: 4a266eaf4e90385449868ab53859b5f7, type: 3}
      propertyPath: m_LocalRotation.x
      value: -0
      objectReference: {fileID: 0}
    - target: {fileID: 4270344151760082, guid: 4a266eaf4e90385449868ab53859b5f7, type: 3}
      propertyPath: m_LocalRotation.y
      value: -0
      objectReference: {fileID: 0}
    - target: {fileID: 4270344151760082, guid: 4a266eaf4e90385449868ab53859b5f7, type: 3}
      propertyPath: m_LocalRotation.z
      value: -0
      objectReference: {fileID: 0}
    - target: {fileID: 4270344151760082, guid: 4a266eaf4e90385449868ab53859b5f7, type: 3}
      propertyPath: m_LocalRotation.w
      value: 1
      objectReference: {fileID: 0}
    - target: {fileID: 4270344151760082, guid: 4a266eaf4e90385449868ab53859b5f7, type: 3}
      propertyPath: m_RootOrder
      value: 1
      objectReference: {fileID: 0}
    m_RemovedComponents: []
  m_SourcePrefab: {fileID: 100100000, guid: 4a266eaf4e90385449868ab53859b5f7, type: 3}
--- !u!4 &1951159901 stripped
Transform:
  m_CorrespondingSourceObject: {fileID: 4927920980247362, guid: ca9f27db69b400b43846f16834e6cef3,
    type: 3}
  m_PrefabInstance: {fileID: 181927937}
  m_PrefabAsset: {fileID: 0}
--- !u!1 &1953161701 stripped
GameObject:
  m_CorrespondingSourceObject: {fileID: 1460190751249080, guid: 216365f420b837d48808a900b4c0285f,
    type: 3}
  m_PrefabInstance: {fileID: 135984555}
  m_PrefabAsset: {fileID: 0}
--- !u!1 &1978748994 stripped
GameObject:
  m_CorrespondingSourceObject: {fileID: 1763058891801864, guid: ff6844453fbec294da936264d2b2ea9c,
    type: 3}
  m_PrefabInstance: {fileID: 950198606}
  m_PrefabAsset: {fileID: 0}
--- !u!114 &1978748995
MonoBehaviour:
  m_ObjectHideFlags: 0
  m_CorrespondingSourceObject: {fileID: 0}
  m_PrefabInstance: {fileID: 0}
  m_PrefabAsset: {fileID: 0}
  m_GameObject: {fileID: 1978748994}
  m_Enabled: 1
  m_EditorHideFlags: 0
  m_Script: {fileID: 11500000, guid: 76bcb08e333ecf1468e34ab1d52d2547, type: 3}
  m_Name: 
  m_EditorClassIdentifier: 
  StateDataSaveFileName: LevelStateData.dat
  LevelStartTimeLine: {fileID: 0}
  RunInDebug: 1
  MainMenuDataPackageIndex: 0
  NextDataPackageIndex: 2
  CurentDifficulty:
    Setting: 0
  DebugStartingPoint: {fileID: 1491913700}
  StartPoint: {x: 0, y: 0, z: 0}
  DebugCheckPoint: {fileID: 1491913700}
  UseDebugCheckPointOnlyOnFirstLoad: 1
  OnLevelLoaded:
    m_PersistentCalls:
      m_Calls: []
  OnLevelLoading:
    m_PersistentCalls:
      m_Calls: []
  OnPause:
    m_PersistentCalls:
      m_Calls: []
  OnUnpause:
    m_PersistentCalls:
      m_Calls: []
  OnLevelReloaded:
    m_PersistentCalls:
      m_Calls: []
--- !u!4 &1978748996 stripped
Transform:
  m_CorrespondingSourceObject: {fileID: 4595536671652130, guid: ff6844453fbec294da936264d2b2ea9c,
    type: 3}
  m_PrefabInstance: {fileID: 950198606}
  m_PrefabAsset: {fileID: 0}
--- !u!114 &1978748997
MonoBehaviour:
  m_ObjectHideFlags: 0
  m_CorrespondingSourceObject: {fileID: 0}
  m_PrefabInstance: {fileID: 0}
  m_PrefabAsset: {fileID: 0}
  m_GameObject: {fileID: 1978748994}
  m_Enabled: 1
  m_EditorHideFlags: 0
  m_Script: {fileID: 11500000, guid: 66de4039f8b6d66449ac4b766981898b, type: 3}
  m_Name: 
  m_EditorClassIdentifier: 
  Points: []
--- !u!114 &1978748998
MonoBehaviour:
  m_ObjectHideFlags: 0
  m_CorrespondingSourceObject: {fileID: 0}
  m_PrefabInstance: {fileID: 0}
  m_PrefabAsset: {fileID: 0}
  m_GameObject: {fileID: 1978748994}
  m_Enabled: 1
  m_EditorHideFlags: 0
  m_Script: {fileID: 11500000, guid: 62899f850307741f2a39c98a8b639597, type: 3}
  m_Name: 
  m_EditorClassIdentifier: 
  m_Actions: {fileID: -944628639613478452, guid: 748a773bacfc7e64f9dcc4be790c2c16,
    type: 3}
  m_NotificationBehavior: 3
  m_UIInputModule: {fileID: 0}
  m_DeviceLostEvent:
    m_PersistentCalls:
      m_Calls: []
  m_DeviceRegainedEvent:
    m_PersistentCalls:
      m_Calls: []
  m_ControlsChangedEvent:
    m_PersistentCalls:
      m_Calls: []
  m_ActionEvents:
  - m_PersistentCalls:
      m_Calls: []
    m_ActionId: a41557ba-58db-450d-abd5-d8b31eb078d4
    m_ActionName: In-Game/Move X[/XInputControllerWindows/leftStick/x,/Keyboard/a,/Keyboard/d]
  - m_PersistentCalls:
      m_Calls: []
    m_ActionId: 877f4182-5df6-4390-bffd-c71989de0d03
    m_ActionName: In-Game/Move Y[/XInputControllerWindows/leftStick/y,/Keyboard/s,/Keyboard/w]
  - m_PersistentCalls:
      m_Calls: []
    m_ActionId: c877fb6e-ac33-4897-903f-46b5152042c6
    m_ActionName: In-Game/Jump[/XInputControllerWindows/buttonSouth,/Keyboard/space]
  - m_PersistentCalls:
      m_Calls: []
    m_ActionId: 794622c3-e069-47d8-9672-420cce1f6b18
    m_ActionName: In-Game/Dash[/XInputControllerWindows/buttonEast,/Keyboard/s]
  - m_PersistentCalls:
      m_Calls: []
    m_ActionId: 4de0ab37-78b2-4be0-836f-2aa893a3fa61
    m_ActionName: In-Game/Wall Grip[/XInputControllerWindows/leftShoulder,/Keyboard/leftShift]
  - m_PersistentCalls:
      m_Calls: []
    m_ActionId: c001d15b-1f2c-43e3-b32b-4cf57c1356c4
    m_ActionName: In-Game/Hover[/XInputControllerWindows/leftTrigger,/Keyboard/w]
  - m_PersistentCalls:
      m_Calls: []
    m_ActionId: b178cc09-2fdc-4109-bc7c-1aed8cfa16eb
    m_ActionName: In-Game/Raise[/XInputControllerWindows/leftStick/y,/Keyboard/q]
  - m_PersistentCalls:
      m_Calls: []
    m_ActionId: 2505e26e-ee48-4cf2-a1fb-8d23672cb53e
    m_ActionName: In-Game/Fire[/XInputControllerWindows/rightTrigger,/Mouse/leftButton]
  - m_PersistentCalls:
      m_Calls: []
    m_ActionId: 81f63701-6e8d-4e54-b659-db35a00cc118
    m_ActionName: In-Game/Precision Aim Trigger[/Mouse/rightButton]
  - m_PersistentCalls:
      m_Calls: []
    m_ActionId: df8f2e4f-40b9-45b1-87a9-5bdb42b9c4a5
    m_ActionName: In-Game/Precision Aim (Gamepad)[/XInputControllerWindows/rightStick]
  - m_PersistentCalls:
      m_Calls: []
    m_ActionId: 52f6b1b4-0aae-4fc3-8577-7b50bed583ba
    m_ActionName: In-Game/Precision Aim (Mouse)[/Mouse/position]
  - m_PersistentCalls:
      m_Calls: []
    m_ActionId: 2bcb37db-b59f-4757-95ec-2bd2f6b45aa6
    m_ActionName: In-Game/Repair[/XInputControllerWindows/select,/Keyboard/h]
  - m_PersistentCalls:
      m_Calls: []
    m_ActionId: b1e747a9-48c8-49d8-ac27-cebd8efd7540
    m_ActionName: In-Game/Action[/XInputControllerWindows/buttonWest,/Keyboard/e]
  - m_PersistentCalls:
      m_Calls: []
    m_ActionId: 0072a811-1458-4edc-b286-0de24e739825
    m_ActionName: In-Game/Pause[/XInputControllerWindows/start,/Keyboard/escape]
  - m_PersistentCalls:
      m_Calls: []
    m_ActionId: 990f3709-ee68-4cc0-8e72-d3726542e5c9
    m_ActionName: In-Game/Camera Shift (Keyboard)
  - m_PersistentCalls:
      m_Calls: []
    m_ActionId: 6d9aa3b1-0ccf-4126-b683-abef1de3e2a5
    m_ActionName: In-Game/Camera Shift (Controller)
  - m_PersistentCalls:
      m_Calls: []
    m_ActionId: fa566bdc-472a-43e5-8848-ca7636993484
    m_ActionName: In-Game/Pistol (Keyboard)[/Keyboard/1]
  - m_PersistentCalls:
      m_Calls: []
    m_ActionId: 1cbe49b0-937a-41c4-91b7-e450609aac2a
    m_ActionName: In-Game/Machine Gun (Keyboard)[/Keyboard/2]
  - m_PersistentCalls:
      m_Calls: []
    m_ActionId: 876fb0a6-7db6-4765-a8bf-a40cc7f46b2f
    m_ActionName: In-Game/Shotgun (Keyboard)[/Keyboard/3]
  - m_PersistentCalls:
      m_Calls: []
    m_ActionId: ad4029c0-8eb0-4e1a-8e06-6f76556fa549
    m_ActionName: In-Game/Rocket Launcher (Keyboard)[/Keyboard/4]
  - m_PersistentCalls:
      m_Calls: []
    m_ActionId: 6b3f74c4-0dc8-452c-b303-32010e1052f4
    m_ActionName: In-Game/Charge Rifle (Keyboard)[/Keyboard/5]
  - m_PersistentCalls:
      m_Calls: []
    m_ActionId: cc0c8fa7-3853-4274-a492-44284542702d
    m_ActionName: Menu/Select[/XInputControllerWindows/buttonSouth,/Keyboard/enter]
  - m_PersistentCalls:
      m_Calls: []
    m_ActionId: 05feb285-1955-4775-b084-13a97658cc4c
    m_ActionName: Menu/Back[/XInputControllerWindows/buttonEast,/Keyboard/escape]
  - m_PersistentCalls:
      m_Calls: []
    m_ActionId: fd196720-dbdb-4c7f-94aa-f81094d850e7
    m_ActionName: Menu/Up[/XInputControllerWindows/dpad/up,/XInputControllerWindows/leftStick/up,/Keyboard/upArrow]
  - m_PersistentCalls:
      m_Calls: []
    m_ActionId: ac82cc39-e8fe-483c-9b1c-c50c13f2c0f7
    m_ActionName: Menu/Down[/XInputControllerWindows/dpad/down,/XInputControllerWindows/leftStick/down,/Keyboard/downArrow]
  - m_PersistentCalls:
      m_Calls: []
    m_ActionId: 8739470d-b4ff-4ef0-a574-eeb1c35e0d79
    m_ActionName: Menu/Right[/XInputControllerWindows/dpad/right,/XInputControllerWindows/leftStick/right,/Keyboard/rightArrow]
  - m_PersistentCalls:
      m_Calls: []
    m_ActionId: d37fb170-01de-4402-aab9-f32c78e6fe00
    m_ActionName: Menu/Left[/XInputControllerWindows/dpad/left,/XInputControllerWindows/leftStick/left,/Keyboard/leftArrow]
  - m_PersistentCalls:
      m_Calls: []
    m_ActionId: 0090656b-cc77-4b2f-8444-2fbe86261599
    m_ActionName: Menu/Unpause[/XInputControllerWindows/start,/Keyboard/escape]
  - m_PersistentCalls:
      m_Calls: []
    m_ActionId: 20e0f71a-5131-46e3-90aa-407ea3829f98
    m_ActionName: Menu/CloseWindow[/Keyboard/escape,/Mouse/backButton,/XInputControllerWindows/buttonEast]
  - m_PersistentCalls:
      m_Calls: []
    m_ActionId: cd4acd2f-cfc8-460c-9245-431c7a50fcfe
    m_ActionName: PopUpUI/PopUpSelect[/XInputControllerWindows/buttonSouth,/Keyboard/enter]
  - m_PersistentCalls:
      m_Calls: []
    m_ActionId: 657289c2-2c24-4159-93f3-3212e4fc74f2
    m_ActionName: PopUpUI/PopUpBack[/XInputControllerWindows/buttonEast,/Keyboard/escape]
  - m_PersistentCalls:
      m_Calls: []
    m_ActionId: 9c68fcf6-316d-4b00-a416-d5323dd008ee
    m_ActionName: PopUpUI/PopUpUp[/XInputControllerWindows/dpad/up,/XInputControllerWindows/leftStick/up,/Keyboard/upArrow]
  - m_PersistentCalls:
      m_Calls: []
    m_ActionId: 107a0f77-1e04-4f1c-9095-f821e2acbfc2
    m_ActionName: PopUpUI/PopUpDown[/XInputControllerWindows/dpad/down,/XInputControllerWindows/leftStick/down,/Keyboard/downArrow]
  - m_PersistentCalls:
      m_Calls: []
    m_ActionId: c1b8b0e6-936f-4202-9116-6d22990607c2
    m_ActionName: PopUpUI/PopUpRight[/XInputControllerWindows/dpad/right,/XInputControllerWindows/leftStick/right,/Keyboard/rightArrow]
  - m_PersistentCalls:
      m_Calls: []
    m_ActionId: f35164d5-c0f1-4420-b548-f719c44c4f91
    m_ActionName: PopUpUI/PopUpLeft[/XInputControllerWindows/dpad/left,/XInputControllerWindows/leftStick/left,/Keyboard/leftArrow]
  m_NeverAutoSwitchControlSchemes: 0
  m_DefaultControlScheme: 
  m_DefaultActionMap: In-Game
  m_SplitScreenIndex: -1
  m_Camera: {fileID: 0}
--- !u!1001 &1986735511
PrefabInstance:
  m_ObjectHideFlags: 0
  serializedVersion: 2
  m_Modification:
    m_TransformParent: {fileID: 2133757935}
    m_Modifications:
    - target: {fileID: 1987853418722074, guid: 131dcbee942d467469d8330028960021, type: 3}
      propertyPath: m_Name
      value: GameObject (1)
      objectReference: {fileID: 0}
    - target: {fileID: 4271913256875462, guid: 131dcbee942d467469d8330028960021, type: 3}
      propertyPath: m_LocalPosition.x
      value: 918.3763
      objectReference: {fileID: 0}
    - target: {fileID: 4271913256875462, guid: 131dcbee942d467469d8330028960021, type: 3}
      propertyPath: m_LocalPosition.y
      value: -6.0574036
      objectReference: {fileID: 0}
    - target: {fileID: 4271913256875462, guid: 131dcbee942d467469d8330028960021, type: 3}
      propertyPath: m_LocalPosition.z
      value: 226.0709
      objectReference: {fileID: 0}
    - target: {fileID: 4271913256875462, guid: 131dcbee942d467469d8330028960021, type: 3}
      propertyPath: m_LocalRotation.x
      value: -0
      objectReference: {fileID: 0}
    - target: {fileID: 4271913256875462, guid: 131dcbee942d467469d8330028960021, type: 3}
      propertyPath: m_LocalRotation.y
      value: -0
      objectReference: {fileID: 0}
    - target: {fileID: 4271913256875462, guid: 131dcbee942d467469d8330028960021, type: 3}
      propertyPath: m_LocalRotation.z
      value: -0
      objectReference: {fileID: 0}
    - target: {fileID: 4271913256875462, guid: 131dcbee942d467469d8330028960021, type: 3}
      propertyPath: m_LocalRotation.w
      value: 1
      objectReference: {fileID: 0}
    - target: {fileID: 4271913256875462, guid: 131dcbee942d467469d8330028960021, type: 3}
      propertyPath: m_RootOrder
      value: 2
      objectReference: {fileID: 0}
    m_RemovedComponents: []
  m_SourcePrefab: {fileID: 100100000, guid: 131dcbee942d467469d8330028960021, type: 3}
--- !u!1 &2049225434
GameObject:
  m_ObjectHideFlags: 0
  m_CorrespondingSourceObject: {fileID: 0}
  m_PrefabInstance: {fileID: 0}
  m_PrefabAsset: {fileID: 0}
  serializedVersion: 6
  m_Component:
  - component: {fileID: 2049225436}
  - component: {fileID: 2049225435}
  m_Layer: 0
  m_Name: HUD
  m_TagString: Untagged
  m_Icon: {fileID: 0}
  m_NavMeshLayer: 0
  m_StaticEditorFlags: 0
  m_IsActive: 1
--- !u!114 &2049225435
MonoBehaviour:
  m_ObjectHideFlags: 0
  m_CorrespondingSourceObject: {fileID: 0}
  m_PrefabInstance: {fileID: 0}
  m_PrefabAsset: {fileID: 0}
  m_GameObject: {fileID: 2049225434}
  m_Enabled: 1
  m_EditorHideFlags: 0
  m_Script: {fileID: 11500000, guid: 79896dd340ab5e542892980011176139, type: 3}
  m_Name: 
  m_EditorClassIdentifier: 
  Items:
  - {fileID: 153914664}
  - {fileID: 1953161701}
  MaintainActive: []
--- !u!4 &2049225436
Transform:
  m_ObjectHideFlags: 0
  m_CorrespondingSourceObject: {fileID: 0}
  m_PrefabInstance: {fileID: 0}
  m_PrefabAsset: {fileID: 0}
  m_GameObject: {fileID: 2049225434}
  m_LocalRotation: {x: -0, y: -0, z: -0, w: 1}
  m_LocalPosition: {x: -562.78485, y: -296.41684, z: 225.5939}
  m_LocalScale: {x: 1, y: 1, z: 1}
  m_Children:
  - {fileID: 1266084922}
  - {fileID: 135984556}
  m_Father: {fileID: 1375939457}
  m_RootOrder: 0
  m_LocalEulerAnglesHint: {x: 0, y: 0, z: 0}
--- !u!1001 &2087567574
PrefabInstance:
  m_ObjectHideFlags: 0
  serializedVersion: 2
  m_Modification:
    m_TransformParent: {fileID: 306056685}
    m_Modifications:
    - target: {fileID: 1370419994151518, guid: d06ac6b93e05a804098691d70fa82154, type: 3}
      propertyPath: m_IsActive
      value: 0
      objectReference: {fileID: 0}
    - target: {fileID: 1453147299495146, guid: d06ac6b93e05a804098691d70fa82154, type: 3}
      propertyPath: m_Name
      value: Volume Slider
      objectReference: {fileID: 0}
    - target: {fileID: 1880685786941748, guid: d06ac6b93e05a804098691d70fa82154, type: 3}
      propertyPath: m_IsActive
      value: 1
      objectReference: {fileID: 0}
    - target: {fileID: 114153073006825282, guid: d06ac6b93e05a804098691d70fa82154,
        type: 3}
      propertyPath: m_OnClick.m_PersistentCalls.m_Calls.Array.size
      value: 0
      objectReference: {fileID: 0}
    - target: {fileID: 114153073006825282, guid: d06ac6b93e05a804098691d70fa82154,
        type: 3}
      propertyPath: m_Colors.m_HighlightedColor.r
      value: 0.6792453
      objectReference: {fileID: 0}
    - target: {fileID: 114153073006825282, guid: d06ac6b93e05a804098691d70fa82154,
        type: 3}
      propertyPath: m_Colors.m_HighlightedColor.g
      value: 0.66322535
      objectReference: {fileID: 0}
    - target: {fileID: 114153073006825282, guid: d06ac6b93e05a804098691d70fa82154,
        type: 3}
      propertyPath: m_Colors.m_HighlightedColor.b
      value: 0.66322535
      objectReference: {fileID: 0}
    - target: {fileID: 114570015924239934, guid: d06ac6b93e05a804098691d70fa82154,
        type: 3}
      propertyPath: ReturnToMainMenuButton
      value: 
      objectReference: {fileID: 1510183254}
    - target: {fileID: 114570015924239934, guid: d06ac6b93e05a804098691d70fa82154,
        type: 3}
      propertyPath: MusicVolumeSlider
      value: 
      objectReference: {fileID: 468026306}
    - target: {fileID: 114694476649993668, guid: d06ac6b93e05a804098691d70fa82154,
        type: 3}
      propertyPath: m_Colors.m_HighlightedColor.r
      value: 0.5943396
      objectReference: {fileID: 0}
    - target: {fileID: 114694476649993668, guid: d06ac6b93e05a804098691d70fa82154,
        type: 3}
      propertyPath: m_Colors.m_HighlightedColor.g
      value: 0.5943396
      objectReference: {fileID: 0}
    - target: {fileID: 114694476649993668, guid: d06ac6b93e05a804098691d70fa82154,
        type: 3}
      propertyPath: m_Colors.m_HighlightedColor.b
      value: 0.5943396
      objectReference: {fileID: 0}
    - target: {fileID: 114877326887408750, guid: d06ac6b93e05a804098691d70fa82154,
        type: 3}
      propertyPath: m_Value
      value: 0.5
      objectReference: {fileID: 0}
    - target: {fileID: 224083825442379474, guid: d06ac6b93e05a804098691d70fa82154,
        type: 3}
      propertyPath: m_AnchoredPosition.y
      value: -40
      objectReference: {fileID: 0}
    - target: {fileID: 224083825442379474, guid: d06ac6b93e05a804098691d70fa82154,
        type: 3}
      propertyPath: m_RootOrder
      value: 4
      objectReference: {fileID: 0}
    - target: {fileID: 224316428096543350, guid: d06ac6b93e05a804098691d70fa82154,
        type: 3}
      propertyPath: m_AnchorMax.y
      value: 1
      objectReference: {fileID: 0}
    - target: {fileID: 224316428096543350, guid: d06ac6b93e05a804098691d70fa82154,
        type: 3}
      propertyPath: m_AnchorMin.x
      value: 0.5
      objectReference: {fileID: 0}
    - target: {fileID: 224316428096543350, guid: d06ac6b93e05a804098691d70fa82154,
        type: 3}
      propertyPath: m_AnchorMax.x
      value: 0.5
      objectReference: {fileID: 0}
    - target: {fileID: 224557267773696466, guid: d06ac6b93e05a804098691d70fa82154,
        type: 3}
      propertyPath: m_LocalPosition.x
      value: 0
      objectReference: {fileID: 0}
    - target: {fileID: 224557267773696466, guid: d06ac6b93e05a804098691d70fa82154,
        type: 3}
      propertyPath: m_LocalPosition.y
      value: 0
      objectReference: {fileID: 0}
    - target: {fileID: 224557267773696466, guid: d06ac6b93e05a804098691d70fa82154,
        type: 3}
      propertyPath: m_LocalPosition.z
      value: 0
      objectReference: {fileID: 0}
    - target: {fileID: 224557267773696466, guid: d06ac6b93e05a804098691d70fa82154,
        type: 3}
      propertyPath: m_LocalRotation.x
      value: 0
      objectReference: {fileID: 0}
    - target: {fileID: 224557267773696466, guid: d06ac6b93e05a804098691d70fa82154,
        type: 3}
      propertyPath: m_LocalRotation.y
      value: 0
      objectReference: {fileID: 0}
    - target: {fileID: 224557267773696466, guid: d06ac6b93e05a804098691d70fa82154,
        type: 3}
      propertyPath: m_LocalRotation.z
      value: 0
      objectReference: {fileID: 0}
    - target: {fileID: 224557267773696466, guid: d06ac6b93e05a804098691d70fa82154,
        type: 3}
      propertyPath: m_LocalRotation.w
      value: 1
      objectReference: {fileID: 0}
    - target: {fileID: 224557267773696466, guid: d06ac6b93e05a804098691d70fa82154,
        type: 3}
      propertyPath: m_RootOrder
      value: 0
      objectReference: {fileID: 0}
    - target: {fileID: 224557267773696466, guid: d06ac6b93e05a804098691d70fa82154,
        type: 3}
      propertyPath: m_AnchoredPosition.x
      value: 0
      objectReference: {fileID: 0}
    - target: {fileID: 224557267773696466, guid: d06ac6b93e05a804098691d70fa82154,
        type: 3}
      propertyPath: m_AnchoredPosition.y
      value: 0
      objectReference: {fileID: 0}
    - target: {fileID: 224557267773696466, guid: d06ac6b93e05a804098691d70fa82154,
        type: 3}
      propertyPath: m_SizeDelta.x
      value: 0
      objectReference: {fileID: 0}
    - target: {fileID: 224557267773696466, guid: d06ac6b93e05a804098691d70fa82154,
        type: 3}
      propertyPath: m_SizeDelta.y
      value: 0
      objectReference: {fileID: 0}
    - target: {fileID: 224557267773696466, guid: d06ac6b93e05a804098691d70fa82154,
        type: 3}
      propertyPath: m_AnchorMin.x
      value: 0
      objectReference: {fileID: 0}
    - target: {fileID: 224557267773696466, guid: d06ac6b93e05a804098691d70fa82154,
        type: 3}
      propertyPath: m_AnchorMin.y
      value: 0
      objectReference: {fileID: 0}
    - target: {fileID: 224557267773696466, guid: d06ac6b93e05a804098691d70fa82154,
        type: 3}
      propertyPath: m_AnchorMax.x
      value: 0
      objectReference: {fileID: 0}
    - target: {fileID: 224557267773696466, guid: d06ac6b93e05a804098691d70fa82154,
        type: 3}
      propertyPath: m_AnchorMax.y
      value: 0
      objectReference: {fileID: 0}
    - target: {fileID: 224557267773696466, guid: d06ac6b93e05a804098691d70fa82154,
        type: 3}
      propertyPath: m_Pivot.x
      value: 0
      objectReference: {fileID: 0}
    - target: {fileID: 224557267773696466, guid: d06ac6b93e05a804098691d70fa82154,
        type: 3}
      propertyPath: m_Pivot.y
      value: 0
      objectReference: {fileID: 0}
    - target: {fileID: 224823742204035174, guid: d06ac6b93e05a804098691d70fa82154,
        type: 3}
      propertyPath: m_AnchorMax.y
      value: 1
      objectReference: {fileID: 0}
    - target: {fileID: 224823742204035174, guid: d06ac6b93e05a804098691d70fa82154,
        type: 3}
      propertyPath: m_AnchorMax.x
      value: 0.5
      objectReference: {fileID: 0}
    m_RemovedComponents: []
  m_SourcePrefab: {fileID: 100100000, guid: d06ac6b93e05a804098691d70fa82154, type: 3}
--- !u!1001 &2096646400
PrefabInstance:
  m_ObjectHideFlags: 0
  serializedVersion: 2
  m_Modification:
    m_TransformParent: {fileID: 0}
    m_Modifications:
    - target: {fileID: 4973951030474490, guid: 602969bf206832944b5e0434d5800b01, type: 3}
      propertyPath: m_LocalPosition.x
      value: 0
      objectReference: {fileID: 0}
    - target: {fileID: 4973951030474490, guid: 602969bf206832944b5e0434d5800b01, type: 3}
      propertyPath: m_LocalPosition.y
      value: 1.8
      objectReference: {fileID: 0}
    - target: {fileID: 4973951030474490, guid: 602969bf206832944b5e0434d5800b01, type: 3}
      propertyPath: m_LocalPosition.z
      value: 0
      objectReference: {fileID: 0}
    - target: {fileID: 4973951030474490, guid: 602969bf206832944b5e0434d5800b01, type: 3}
      propertyPath: m_LocalRotation.x
      value: 0
      objectReference: {fileID: 0}
    - target: {fileID: 4973951030474490, guid: 602969bf206832944b5e0434d5800b01, type: 3}
      propertyPath: m_LocalRotation.y
      value: 0
      objectReference: {fileID: 0}
    - target: {fileID: 4973951030474490, guid: 602969bf206832944b5e0434d5800b01, type: 3}
      propertyPath: m_LocalRotation.z
      value: 0
      objectReference: {fileID: 0}
    - target: {fileID: 4973951030474490, guid: 602969bf206832944b5e0434d5800b01, type: 3}
      propertyPath: m_LocalRotation.w
      value: 1
      objectReference: {fileID: 0}
    - target: {fileID: 4973951030474490, guid: 602969bf206832944b5e0434d5800b01, type: 3}
      propertyPath: m_RootOrder
      value: 0
      objectReference: {fileID: 0}
    - target: {fileID: 1139049947612841072, guid: 602969bf206832944b5e0434d5800b01,
        type: 3}
      propertyPath: m_Mesh
      value: 
      objectReference: {fileID: 0}
    - target: {fileID: 1428156400284141710, guid: 602969bf206832944b5e0434d5800b01,
        type: 3}
      propertyPath: m_Materials.Array.data[0]
      value: 
      objectReference: {fileID: 2100000, guid: c56104619d759f94a9dfb3a026ebba28, type: 2}
    - target: {fileID: 5763503362665153122, guid: 602969bf206832944b5e0434d5800b01,
        type: 3}
      propertyPath: LoadOnStart
      value: 1
      objectReference: {fileID: 0}
    - target: {fileID: 6196659168523219586, guid: 602969bf206832944b5e0434d5800b01,
        type: 3}
      propertyPath: m_Mesh
      value: 
      objectReference: {fileID: 0}
    m_RemovedComponents: []
  m_SourcePrefab: {fileID: 100100000, guid: 602969bf206832944b5e0434d5800b01, type: 3}
--- !u!1 &2133757934
GameObject:
  m_ObjectHideFlags: 0
  m_CorrespondingSourceObject: {fileID: 0}
  m_PrefabInstance: {fileID: 0}
  m_PrefabAsset: {fileID: 0}
  serializedVersion: 6
  m_Component:
  - component: {fileID: 2133757935}
  m_Layer: 0
  m_Name: Mangers
  m_TagString: Untagged
  m_Icon: {fileID: 0}
  m_NavMeshLayer: 0
  m_StaticEditorFlags: 0
  m_IsActive: 1
--- !u!4 &2133757935
Transform:
  m_ObjectHideFlags: 0
  m_CorrespondingSourceObject: {fileID: 0}
  m_PrefabInstance: {fileID: 0}
  m_PrefabAsset: {fileID: 0}
  m_GameObject: {fileID: 2133757934}
  m_LocalRotation: {x: 0, y: 0, z: 0, w: 1}
  m_LocalPosition: {x: 625.61725, y: 265.05426, z: -226.12515}
  m_LocalScale: {x: 1, y: 1, z: 1}
  m_Children:
  - {fileID: 1978748996}
  - {fileID: 751015902}
  - {fileID: 1118074950}
  - {fileID: 1951159901}
  - {fileID: 579893232}
  m_Father: {fileID: 0}
  m_RootOrder: 3
  m_LocalEulerAnglesHint: {x: 0, y: 0, z: 0}
--- !u!1001 &2603492760298652210
PrefabInstance:
  m_ObjectHideFlags: 0
  serializedVersion: 2
  m_Modification:
    m_TransformParent: {fileID: 135984556}
    m_Modifications:
    - target: {fileID: 2603492759860957122, guid: b1d6e5013424c074ba9672206352530d,
        type: 3}
      propertyPath: m_Name
      value: UIPopUp
      objectReference: {fileID: 0}
    - target: {fileID: 2603492759860957123, guid: b1d6e5013424c074ba9672206352530d,
        type: 3}
      propertyPath: m_LocalPosition.x
      value: 0
      objectReference: {fileID: 0}
    - target: {fileID: 2603492759860957123, guid: b1d6e5013424c074ba9672206352530d,
        type: 3}
      propertyPath: m_LocalPosition.y
      value: 0
      objectReference: {fileID: 0}
    - target: {fileID: 2603492759860957123, guid: b1d6e5013424c074ba9672206352530d,
        type: 3}
      propertyPath: m_LocalPosition.z
      value: 0
      objectReference: {fileID: 0}
    - target: {fileID: 2603492759860957123, guid: b1d6e5013424c074ba9672206352530d,
        type: 3}
      propertyPath: m_LocalRotation.x
      value: 0
      objectReference: {fileID: 0}
    - target: {fileID: 2603492759860957123, guid: b1d6e5013424c074ba9672206352530d,
        type: 3}
      propertyPath: m_LocalRotation.y
      value: 0
      objectReference: {fileID: 0}
    - target: {fileID: 2603492759860957123, guid: b1d6e5013424c074ba9672206352530d,
        type: 3}
      propertyPath: m_LocalRotation.z
      value: 0
      objectReference: {fileID: 0}
    - target: {fileID: 2603492759860957123, guid: b1d6e5013424c074ba9672206352530d,
        type: 3}
      propertyPath: m_LocalRotation.w
      value: 1
      objectReference: {fileID: 0}
    - target: {fileID: 2603492759860957123, guid: b1d6e5013424c074ba9672206352530d,
        type: 3}
      propertyPath: m_RootOrder
      value: 2
      objectReference: {fileID: 0}
    - target: {fileID: 2603492759860957123, guid: b1d6e5013424c074ba9672206352530d,
        type: 3}
      propertyPath: m_LocalEulerAnglesHint.x
      value: 0
      objectReference: {fileID: 0}
    - target: {fileID: 2603492759860957123, guid: b1d6e5013424c074ba9672206352530d,
        type: 3}
      propertyPath: m_LocalEulerAnglesHint.y
      value: 0
      objectReference: {fileID: 0}
    - target: {fileID: 2603492759860957123, guid: b1d6e5013424c074ba9672206352530d,
        type: 3}
      propertyPath: m_LocalEulerAnglesHint.z
      value: 0
      objectReference: {fileID: 0}
    - target: {fileID: 2603492759860957123, guid: b1d6e5013424c074ba9672206352530d,
        type: 3}
      propertyPath: m_AnchoredPosition.x
      value: 0
      objectReference: {fileID: 0}
    - target: {fileID: 2603492759860957123, guid: b1d6e5013424c074ba9672206352530d,
        type: 3}
      propertyPath: m_AnchoredPosition.y
      value: 0
      objectReference: {fileID: 0}
    - target: {fileID: 2603492759860957123, guid: b1d6e5013424c074ba9672206352530d,
        type: 3}
      propertyPath: m_SizeDelta.x
      value: 100
      objectReference: {fileID: 0}
    - target: {fileID: 2603492759860957123, guid: b1d6e5013424c074ba9672206352530d,
        type: 3}
      propertyPath: m_SizeDelta.y
      value: 100
      objectReference: {fileID: 0}
    - target: {fileID: 2603492759860957123, guid: b1d6e5013424c074ba9672206352530d,
        type: 3}
      propertyPath: m_AnchorMin.x
      value: 0.5
      objectReference: {fileID: 0}
    - target: {fileID: 2603492759860957123, guid: b1d6e5013424c074ba9672206352530d,
        type: 3}
      propertyPath: m_AnchorMin.y
      value: 0.5
      objectReference: {fileID: 0}
    - target: {fileID: 2603492759860957123, guid: b1d6e5013424c074ba9672206352530d,
        type: 3}
      propertyPath: m_AnchorMax.x
      value: 0.5
      objectReference: {fileID: 0}
    - target: {fileID: 2603492759860957123, guid: b1d6e5013424c074ba9672206352530d,
        type: 3}
      propertyPath: m_AnchorMax.y
      value: 0.5
      objectReference: {fileID: 0}
    - target: {fileID: 2603492759860957123, guid: b1d6e5013424c074ba9672206352530d,
        type: 3}
      propertyPath: m_Pivot.x
      value: 0.5
      objectReference: {fileID: 0}
    - target: {fileID: 2603492759860957123, guid: b1d6e5013424c074ba9672206352530d,
        type: 3}
      propertyPath: m_Pivot.y
      value: 0.5
      objectReference: {fileID: 0}
    - target: {fileID: 2603492761232481403, guid: b1d6e5013424c074ba9672206352530d,
        type: 3}
      propertyPath: m_IsActive
      value: 0
      objectReference: {fileID: 0}
    m_RemovedComponents: []
  m_SourcePrefab: {fileID: 100100000, guid: b1d6e5013424c074ba9672206352530d, type: 3}
