%YAML 1.1
%TAG !u! tag:unity3d.com,2011:
--- !u!1 &704765366382464718
GameObject:
  m_ObjectHideFlags: 0
  m_CorrespondingSourceObject: {fileID: 0}
  m_PrefabInstance: {fileID: 0}
  m_PrefabAsset: {fileID: 0}
  serializedVersion: 6
  m_Component:
  - component: {fileID: 8513972493215572319}
  m_Layer: 0
  m_Name: ShotSwingingTrap
  m_TagString: Untagged
  m_Icon: {fileID: 0}
  m_NavMeshLayer: 0
  m_StaticEditorFlags: 0
  m_IsActive: 1
--- !u!4 &8513972493215572319
Transform:
  m_ObjectHideFlags: 0
  m_CorrespondingSourceObject: {fileID: 0}
  m_PrefabInstance: {fileID: 0}
  m_PrefabAsset: {fileID: 0}
  m_GameObject: {fileID: 704765366382464718}
  m_LocalRotation: {x: 0, y: 0, z: 0.7071068, w: 0.7071068}
  m_LocalPosition: {x: 809.92, y: 347.78, z: 0}
  m_LocalScale: {x: 0.4, y: 0.4, z: 0.4}
  m_Children:
  - {fileID: 1537046642941464204}
  - {fileID: 7281803101788958363}
  m_Father: {fileID: 0}
  m_RootOrder: 0
  m_LocalEulerAnglesHint: {x: 0, y: 0, z: 90}
--- !u!1 &739226646694383863
GameObject:
  m_ObjectHideFlags: 0
  m_CorrespondingSourceObject: {fileID: 0}
  m_PrefabInstance: {fileID: 0}
  m_PrefabAsset: {fileID: 0}
  serializedVersion: 6
  m_Component:
  - component: {fileID: 1537046642941464204}
  - component: {fileID: 5512363479699964866}
  - component: {fileID: 6902614490752478566}
  - component: {fileID: 6794210617811788960}
  m_Layer: 0
  m_Name: long_chain_piece
  m_TagString: Untagged
  m_Icon: {fileID: 0}
  m_NavMeshLayer: 0
  m_StaticEditorFlags: 0
  m_IsActive: 1
--- !u!4 &1537046642941464204
Transform:
  m_ObjectHideFlags: 0
  m_CorrespondingSourceObject: {fileID: 0}
  m_PrefabInstance: {fileID: 0}
  m_PrefabAsset: {fileID: 0}
  m_GameObject: {fileID: 739226646694383863}
  m_LocalRotation: {x: 0, y: 0, z: 0, w: 1}
  m_LocalPosition: {x: 0, y: 3.928955, z: 0}
  m_LocalScale: {x: 1, y: 1, z: 1}
  m_Children:
  - {fileID: 6892183667313761915}
  - {fileID: 3393533539309675817}
  m_Father: {fileID: 8513972493215572319}
  m_RootOrder: 0
  m_LocalEulerAnglesHint: {x: 0, y: 0, z: 0}
--- !u!212 &5512363479699964866
SpriteRenderer:
  m_ObjectHideFlags: 0
  m_CorrespondingSourceObject: {fileID: 0}
  m_PrefabInstance: {fileID: 0}
  m_PrefabAsset: {fileID: 0}
  m_GameObject: {fileID: 739226646694383863}
  m_Enabled: 1
  m_CastShadows: 0
  m_ReceiveShadows: 0
  m_DynamicOccludee: 1
  m_MotionVectors: 1
  m_LightProbeUsage: 1
  m_ReflectionProbeUsage: 1
  m_RenderingLayerMask: 1
  m_RendererPriority: 0
  m_Materials:
  - {fileID: 10754, guid: 0000000000000000f000000000000000, type: 0}
  m_StaticBatchInfo:
    firstSubMesh: 0
    subMeshCount: 0
  m_StaticBatchRoot: {fileID: 0}
  m_ProbeAnchor: {fileID: 0}
  m_LightProbeVolumeOverride: {fileID: 0}
  m_ScaleInLightmap: 1
  m_ReceiveGI: 1
  m_PreserveUVs: 0
  m_IgnoreNormalsForChartDetection: 0
  m_ImportantGI: 0
  m_StitchLightmapSeams: 1
  m_SelectedEditorRenderState: 0
  m_MinimumChartSize: 4
  m_AutoUVMaxDistance: 0.5
  m_AutoUVMaxAngle: 89
  m_LightmapParameters: {fileID: 0}
  m_SortingLayerID: 1583541527
  m_SortingLayer: 6
  m_SortingOrder: 2
  m_Sprite: {fileID: 21300000, guid: 727280ffa4718744e94899db3c70770b, type: 3}
  m_Color: {r: 1, g: 1, b: 1, a: 1}
  m_FlipX: 0
  m_FlipY: 0
  m_DrawMode: 0
  m_Size: {x: 1.05, y: 8.49}
  m_AdaptiveModeThreshold: 0.5
  m_SpriteTileMode: 0
  m_WasSpriteAssigned: 1
  m_MaskInteraction: 0
  m_SpriteSortPoint: 0
--- !u!114 &6902614490752478566
MonoBehaviour:
  m_ObjectHideFlags: 0
  m_CorrespondingSourceObject: {fileID: 0}
  m_PrefabInstance: {fileID: 0}
  m_PrefabAsset: {fileID: 0}
  m_GameObject: {fileID: 739226646694383863}
  m_Enabled: 1
  m_EditorHideFlags: 0
  m_Script: {fileID: 11500000, guid: ab4ccb61c21c6e6479867d0014a3d8d1, type: 3}
  m_Name: 
  m_EditorClassIdentifier: 
  MaxAngle: 60
  SwingTime: 5
  StartTime: 0
--- !u!61 &6794210617811788960
BoxCollider2D:
  m_ObjectHideFlags: 0
  m_CorrespondingSourceObject: {fileID: 0}
  m_PrefabInstance: {fileID: 0}
  m_PrefabAsset: {fileID: 0}
  m_GameObject: {fileID: 739226646694383863}
  m_Enabled: 1
  m_Density: 1
  m_Material: {fileID: 0}
  m_IsTrigger: 0
  m_UsedByEffector: 0
  m_UsedByComposite: 0
  m_Offset: {x: -0.010793269, y: -2.010047}
  m_SpriteTilingProperty:
    border: {x: 0, y: 0, z: 0, w: 0}
    pivot: {x: 0.511139, y: 0.95385206}
    oldSize: {x: 1.05, y: 4.6}
    newSize: {x: 1.05, y: 8.49}
    adaptiveTilingThreshold: 0.5
    drawMode: 0
    adaptiveTiling: 0
  m_AutoTiling: 0
  serializedVersion: 2
  m_Size: {x: 1.05, y: 4.5230618}
  m_EdgeRadius: 0
--- !u!1 &1427197812251602306
GameObject:
  m_ObjectHideFlags: 0
  m_CorrespondingSourceObject: {fileID: 0}
  m_PrefabInstance: {fileID: 0}
  m_PrefabAsset: {fileID: 0}
  serializedVersion: 6
  m_Component:
  - component: {fileID: 6892183667313761915}
  - component: {fileID: 8628792221907927989}
  - component: {fileID: 1358274525610378118}
  - component: {fileID: 2408484949436645411}
  m_Layer: 0
  m_Name: swinging_blade
  m_TagString: Untagged
  m_Icon: {fileID: 0}
  m_NavMeshLayer: 0
  m_StaticEditorFlags: 0
  m_IsActive: 1
--- !u!4 &6892183667313761915
Transform:
  m_ObjectHideFlags: 0
  m_CorrespondingSourceObject: {fileID: 0}
  m_PrefabInstance: {fileID: 0}
  m_PrefabAsset: {fileID: 0}
  m_GameObject: {fileID: 1427197812251602306}
  m_LocalRotation: {x: -0, y: -0, z: -0, w: 1}
  m_LocalPosition: {x: 0.06, y: -7.15, z: 145.58594}
  m_LocalScale: {x: 0.75, y: 0.75, z: 0.75}
  m_Children: []
  m_Father: {fileID: 1537046642941464204}
  m_RootOrder: 0
  m_LocalEulerAnglesHint: {x: 0, y: 0, z: 0}
--- !u!212 &8628792221907927989
SpriteRenderer:
  m_ObjectHideFlags: 0
  m_CorrespondingSourceObject: {fileID: 0}
  m_PrefabInstance: {fileID: 0}
  m_PrefabAsset: {fileID: 0}
  m_GameObject: {fileID: 1427197812251602306}
  m_Enabled: 1
  m_CastShadows: 0
  m_ReceiveShadows: 0
  m_DynamicOccludee: 1
  m_MotionVectors: 1
  m_LightProbeUsage: 1
  m_ReflectionProbeUsage: 1
  m_RenderingLayerMask: 1
  m_RendererPriority: 0
  m_Materials:
  - {fileID: 10754, guid: 0000000000000000f000000000000000, type: 0}
  m_StaticBatchInfo:
    firstSubMesh: 0
    subMeshCount: 0
  m_StaticBatchRoot: {fileID: 0}
  m_ProbeAnchor: {fileID: 0}
  m_LightProbeVolumeOverride: {fileID: 0}
  m_ScaleInLightmap: 1
  m_ReceiveGI: 1
  m_PreserveUVs: 0
  m_IgnoreNormalsForChartDetection: 0
  m_ImportantGI: 0
  m_StitchLightmapSeams: 1
  m_SelectedEditorRenderState: 0
  m_MinimumChartSize: 4
  m_AutoUVMaxDistance: 0.5
  m_AutoUVMaxAngle: 89
  m_LightmapParameters: {fileID: 0}
  m_SortingLayerID: 1155926471
  m_SortingLayer: 2
  m_SortingOrder: 0
  m_Sprite: {fileID: 21300000, guid: dc52c8c1c8d1d5c4b991e228f4a8a97c, type: 3}
  m_Color: {r: 1, g: 1, b: 1, a: 1}
  m_FlipX: 0
  m_FlipY: 0
  m_DrawMode: 0
  m_Size: {x: 10.8, y: 8.41}
  m_AdaptiveModeThreshold: 0.5
  m_SpriteTileMode: 0
  m_WasSpriteAssigned: 1
  m_MaskInteraction: 0
  m_SpriteSortPoint: 0
--- !u!60 &1358274525610378118
PolygonCollider2D:
  m_ObjectHideFlags: 0
  m_CorrespondingSourceObject: {fileID: 0}
  m_PrefabInstance: {fileID: 0}
  m_PrefabAsset: {fileID: 0}
  m_GameObject: {fileID: 1427197812251602306}
  m_Enabled: 1
  m_Density: 1
  m_Material: {fileID: 0}
  m_IsTrigger: 1
  m_UsedByEffector: 0
  m_UsedByComposite: 0
  m_Offset: {x: 0, y: 0}
  m_SpriteTilingProperty:
    border: {x: 0, y: 0, z: 0, w: 0}
    pivot: {x: 0.5, y: 0.5}
    oldSize: {x: 10.8, y: 8.41}
    newSize: {x: 10.8, y: 8.41}
    adaptiveTilingThreshold: 0.5
    drawMode: 0
    adaptiveTiling: 0
  m_AutoTiling: 0
  m_Points:
    m_Paths:
    - - {x: 1.12, y: -4.125}
      - {x: 1.56, y: -4.015}
      - {x: 1.78, y: -3.945}
      - {x: 1.9499999, y: -3.885}
      - {x: 2.1299999, y: -3.8149998}
      - {x: 2.22, y: -3.7749999}
      - {x: 2.59, y: -3.595}
      - {x: 2.73, y: -3.5149999}
      - {x: 2.84, y: -3.445}
      - {x: 2.99, y: -3.345}
      - {x: 3.1, y: -3.2549999}
      - {x: 3.1799998, y: -3.185}
      - {x: 3.1799998, y: -3.155}
      - {x: 3.05, y: -2.875}
      - {x: 3.03, y: -2.8049998}
      - {x: 3.37, y: -2.935}
      - {x: 3.4499998, y: -2.955}
      - {x: 3.6, y: -2.8149998}
      - {x: 3.6599998, y: -2.7549999}
      - {x: 3.87, y: -2.5149999}
      - {x: 4.04, y: -2.315}
      - {x: 4.19, y: -2.075}
      - {x: 4.31, y: -1.875}
      - {x: 4.5099998, y: -1.475}
      - {x: 4.63, y: -1.1949999}
      - {x: 4.7599998, y: -0.875}
      - {x: 4.85, y: -0.53499997}
      - {x: 4.91, y: -0.295}
      - {x: 4.99, y: 0.044999998}
      - {x: 5.0299997, y: 0.36499998}
      - {x: 5.0699997, y: 0.72499996}
      - {x: 5.0899997, y: 1.015}
      - {x: 5.2, y: 1.095}
      - {x: 5.27, y: 1.105}
      - {x: 5.37, y: 1.175}
      - {x: 5.4, y: 1.2049999}
      - {x: 5.4, y: 1.435}
      - {x: 5.31, y: 1.535}
      - {x: 5.16, y: 1.5849999}
      - {x: 4.9, y: 1.5949999}
      - {x: 4.71, y: 1.605}
      - {x: 4.5099998, y: 1.615}
      - {x: 4.2999997, y: 1.625}
      - {x: 4.0499997, y: 1.635}
      - {x: 3.79, y: 1.645}
      - {x: 3.54, y: 1.655}
      - {x: 3.02, y: 1.675}
      - {x: 2.52, y: 1.685}
      - {x: 2.51, y: 1.6949999}
      - {x: 2.2, y: 1.7049999}
      - {x: 2.02, y: 1.735}
      - {x: 2, y: 1.915}
      - {x: 1.9699999, y: 2.0049999}
      - {x: 1.89, y: 2.165}
      - {x: 1.78, y: 2.325}
      - {x: 1.63, y: 2.465}
      - {x: 1.5699999, y: 2.485}
      - {x: 1.51, y: 2.485}
      - {x: 1.4699999, y: 2.465}
      - {x: 1.43, y: 2.335}
      - {x: 1.42, y: 2.305}
      - {x: 1.39, y: 2.5149999}
      - {x: 1.3399999, y: 2.615}
      - {x: 1.27, y: 2.685}
      - {x: 1.18, y: 2.735}
      - {x: 0.97999996, y: 2.7949998}
      - {x: 0.97999996, y: 2.825}
      - {x: 0.96, y: 3.0249999}
      - {x: 0.94, y: 3.145}
      - {x: 0.91999996, y: 3.195}
      - {x: 0.9, y: 3.225}
      - {x: 0.71, y: 3.3149998}
      - {x: 0.7, y: 3.5449998}
      - {x: 0.68, y: 3.625}
      - {x: 0.59, y: 3.8249998}
      - {x: 0.53999996, y: 3.895}
      - {x: 0.5, y: 3.945}
      - {x: 0.41, y: 4.045}
      - {x: 0.31, y: 4.115}
      - {x: 0.17999999, y: 4.1749997}
      - {x: 0.089999996, y: 4.205}
      - {x: -0.28, y: 4.205}
      - {x: -0.42999998, y: 4.1349998}
      - {x: -0.52, y: 4.075}
      - {x: -0.64, y: 3.965}
      - {x: -0.76, y: 3.8049998}
      - {x: -0.84, y: 3.625}
      - {x: -0.89, y: 3.475}
      - {x: -0.96999997, y: 3.3249998}
      - {x: -1, y: 3.3149998}
      - {x: -1.05, y: 3.2749999}
      - {x: -1.1, y: 3.155}
      - {x: -1.13, y: 3.075}
      - {x: -1.2099999, y: 2.625}
      - {x: -1.29, y: 2.595}
      - {x: -1.55, y: 2.475}
      - {x: -1.65, y: 2.415}
      - {x: -1.75, y: 2.345}
      - {x: -1.89, y: 2.235}
      - {x: -2.1499999, y: 1.9749999}
      - {x: -2.31, y: 1.755}
      - {x: -2.52, y: 1.755}
      - {x: -2.74, y: 1.745}
      - {x: -2.9399998, y: 1.735}
      - {x: -3.82, y: 1.685}
      - {x: -4.52, y: 1.635}
      - {x: -4.67, y: 1.625}
      - {x: -4.89, y: 1.615}
      - {x: -5.17, y: 1.605}
      - {x: -5.2799997, y: 1.555}
      - {x: -5.3599997, y: 1.485}
      - {x: -5.4, y: 1.395}
      - {x: -5.4, y: 1.165}
      - {x: -5.3599997, y: 1.0749999}
      - {x: -5.2799997, y: 1.0849999}
      - {x: -5.2799997, y: 0.945}
      - {x: -5.27, y: 0.79499996}
      - {x: -5.25, y: 0.555}
      - {x: -5.23, y: 0.39499998}
      - {x: -5.21, y: 0.16499999}
      - {x: -5.18, y: -0.015}
      - {x: -5.1, y: -0.355}
      - {x: -5.08, y: -0.445}
      - {x: -5.04, y: -0.59499997}
      - {x: -4.97, y: -0.85499996}
      - {x: -4.83, y: -1.255}
      - {x: -4.79, y: -1.345}
      - {x: -4.68, y: -1.5949999}
      - {x: -4.58, y: -1.805}
      - {x: -4.5099998, y: -1.935}
      - {x: -4.42, y: -2.085}
      - {x: -4.24, y: -2.355}
      - {x: -4.08, y: -2.565}
      - {x: -3.9399998, y: -2.725}
      - {x: -3.6299999, y: -3.0249999}
      - {x: -3.48, y: -3.155}
      - {x: -3.23, y: -3.355}
      - {x: -3.1699998, y: -3.395}
      - {x: -2.8799999, y: -3.5749998}
      - {x: -2.58, y: -3.725}
      - {x: -2.47, y: -3.7749999}
      - {x: -2.35, y: -3.8249998}
      - {x: -2.1399999, y: -3.905}
      - {x: -1.86, y: -3.995}
      - {x: -1.67, y: -4.045}
      - {x: -1.5899999, y: -4.065}
      - {x: -1.24, y: -4.1349998}
      - {x: -0.89, y: -4.185}
      - {x: -0.65999997, y: -4.205}
      - {x: 0.45, y: -4.205}
      - {x: 0.65999997, y: -4.185}
      - {x: 0.94, y: -4.145}
    - - {x: -0.17999999, y: 3.7949998}
      - {x: 0.089999996, y: 3.735}
      - {x: 0.19, y: 3.585}
      - {x: -0.35, y: 3.585}
--- !u!114 &2408484949436645411
MonoBehaviour:
  m_ObjectHideFlags: 0
  m_CorrespondingSourceObject: {fileID: 0}
  m_PrefabInstance: {fileID: 0}
  m_PrefabAsset: {fileID: 0}
  m_GameObject: {fileID: 1427197812251602306}
  m_Enabled: 1
  m_EditorHideFlags: 0
  m_Script: {fileID: 11500000, guid: 3e955c7b6bd76e840bf148527e48b469, type: 3}
  m_Name: 
  m_EditorClassIdentifier: 
  Knockback: {x: 3, y: 0}
  DesiredXKnockbackDirection: 1
  DesiredYKnockbackDirection: 0
  ColliderIsMoving: 1
  OwningEnemy: {fileID: 0}
  PassThroughWhenInvulnerable: 0
  Damage: 75
  HurtWhenStunned: 0
--- !u!1 &2427759296215117484
GameObject:
  m_ObjectHideFlags: 0
  m_CorrespondingSourceObject: {fileID: 0}
  m_PrefabInstance: {fileID: 0}
  m_PrefabAsset: {fileID: 0}
  serializedVersion: 6
  m_Component:
  - component: {fileID: 3393533539309675817}
  - component: {fileID: 8714084499815831586}
  - component: {fileID: 7299957124173287099}
  - component: {fileID: 8997761810332047781}
  m_Layer: 0
  m_Name: swinging_spike_block_2
  m_TagString: Untagged
  m_Icon: {fileID: 0}
  m_NavMeshLayer: 0
  m_StaticEditorFlags: 0
  m_IsActive: 0
--- !u!4 &3393533539309675817
Transform:
  m_ObjectHideFlags: 0
  m_CorrespondingSourceObject: {fileID: 0}
  m_PrefabInstance: {fileID: 0}
  m_PrefabAsset: {fileID: 0}
  m_GameObject: {fileID: 2427759296215117484}
  m_LocalRotation: {x: -0, y: -0, z: -0, w: 1}
  m_LocalPosition: {x: 0.010000001, y: -11.05, z: 0}
  m_LocalScale: {x: 0.75, y: 0.75, z: 0.75}
  m_Children: []
  m_Father: {fileID: 1537046642941464204}
  m_RootOrder: 1
  m_LocalEulerAnglesHint: {x: 0, y: 0, z: 0}
--- !u!212 &8714084499815831586
SpriteRenderer:
  m_ObjectHideFlags: 0
  m_CorrespondingSourceObject: {fileID: 0}
  m_PrefabInstance: {fileID: 0}
  m_PrefabAsset: {fileID: 0}
  m_GameObject: {fileID: 2427759296215117484}
  m_Enabled: 1
  m_CastShadows: 0
  m_ReceiveShadows: 0
  m_DynamicOccludee: 1
  m_MotionVectors: 1
  m_LightProbeUsage: 1
  m_ReflectionProbeUsage: 1
  m_RenderingLayerMask: 1
  m_RendererPriority: 0
  m_Materials:
  - {fileID: 10754, guid: 0000000000000000f000000000000000, type: 0}
  m_StaticBatchInfo:
    firstSubMesh: 0
    subMeshCount: 0
  m_StaticBatchRoot: {fileID: 0}
  m_ProbeAnchor: {fileID: 0}
  m_LightProbeVolumeOverride: {fileID: 0}
  m_ScaleInLightmap: 1
  m_ReceiveGI: 1
  m_PreserveUVs: 0
  m_IgnoreNormalsForChartDetection: 0
  m_ImportantGI: 0
  m_StitchLightmapSeams: 1
  m_SelectedEditorRenderState: 0
  m_MinimumChartSize: 4
  m_AutoUVMaxDistance: 0.5
  m_AutoUVMaxAngle: 89
  m_LightmapParameters: {fileID: 0}
  m_SortingLayerID: 0
  m_SortingLayer: 0
  m_SortingOrder: 0
  m_Sprite: {fileID: 21300000, guid: 477c30a6d5de53841b1d93e5ccb9d63e, type: 3}
  m_Color: {r: 1, g: 1, b: 1, a: 1}
  m_FlipX: 0
  m_FlipY: 0
  m_DrawMode: 0
  m_Size: {x: 7.45, y: 8.91}
  m_AdaptiveModeThreshold: 0.5
  m_SpriteTileMode: 0
  m_WasSpriteAssigned: 1
  m_MaskInteraction: 0
  m_SpriteSortPoint: 0
--- !u!114 &7299957124173287099
MonoBehaviour:
  m_ObjectHideFlags: 0
  m_CorrespondingSourceObject: {fileID: 0}
  m_PrefabInstance: {fileID: 0}
  m_PrefabAsset: {fileID: 0}
  m_GameObject: {fileID: 2427759296215117484}
  m_Enabled: 1
  m_EditorHideFlags: 0
  m_Script: {fileID: 11500000, guid: 3e955c7b6bd76e840bf148527e48b469, type: 3}
  m_Name: 
  m_EditorClassIdentifier: 
  Knockback: {x: 3, y: 0}
  DesiredXKnockbackDirection: 1
  DesiredYKnockbackDirection: 0
  ColliderIsMoving: 1
  OwningEnemy: {fileID: 0}
  PassThroughWhenInvulnerable: 0
  Damage: 75
  HurtWhenStunned: 0
--- !u!60 &8997761810332047781
PolygonCollider2D:
  m_ObjectHideFlags: 0
  m_CorrespondingSourceObject: {fileID: 0}
  m_PrefabInstance: {fileID: 0}
  m_PrefabAsset: {fileID: 0}
  m_GameObject: {fileID: 2427759296215117484}
  m_Enabled: 1
  m_Density: 1
  m_Material: {fileID: 0}
  m_IsTrigger: 0
  m_UsedByEffector: 0
  m_UsedByComposite: 0
  m_Offset: {x: 0, y: 0}
  m_SpriteTilingProperty:
    border: {x: 0, y: 0, z: 0, w: 0}
    pivot: {x: 0.5, y: 0.5}
    oldSize: {x: 7.45, y: 8.91}
    newSize: {x: 7.45, y: 8.91}
    adaptiveTilingThreshold: 0.5
    drawMode: 0
    adaptiveTiling: 0
  m_AutoTiling: 0
  m_Points:
    m_Paths:
    - - {x: 0.885, y: -4.355}
      - {x: 0.97499996, y: -4.275}
      - {x: 0.995, y: -4.2149997}
      - {x: 1.005, y: -4.075}
      - {x: 1.005, y: -3.885}
      - {x: 1.025, y: -3.935}
      - {x: 1.095, y: -3.995}
      - {x: 1.185, y: -3.985}
      - {x: 1.265, y: -3.955}
      - {x: 1.345, y: -3.905}
      - {x: 1.5849999, y: -3.665}
      - {x: 1.675, y: -3.5449998}
      - {x: 1.755, y: -3.435}
      - {x: 1.805, y: -3.405}
      - {x: 2.0449998, y: -3.2549999}
      - {x: 2.185, y: -3.175}
      - {x: 2.385, y: -3.0449998}
      - {x: 2.495, y: -2.975}
      - {x: 2.665, y: -2.875}
      - {x: 2.835, y: -2.7549999}
      - {x: 2.865, y: -2.745}
      - {x: 3.225, y: -2.5049999}
      - {x: 3.3249998, y: -2.435}
      - {x: 3.435, y: -2.355}
      - {x: 3.5549998, y: -2.2549999}
      - {x: 3.715, y: -2.105}
      - {x: 3.725, y: -2.095}
      - {x: 3.725, y: -2.0149999}
      - {x: 3.705, y: -1.995}
      - {x: 3.635, y: -1.9749999}
      - {x: 3.5749998, y: -1.9649999}
      - {x: 3.485, y: -1.9549999}
      - {x: 3.365, y: -1.9449999}
      - {x: 3.155, y: -1.9449999}
      - {x: 3.145, y: -1.935}
      - {x: 2.875, y: -1.935}
      - {x: 2.865, y: -1.925}
      - {x: 1.865, y: -1.8449999}
      - {x: 1.9449999, y: -1.755}
      - {x: 2.0149999, y: -1.655}
      - {x: 2.0349998, y: -1.605}
      - {x: 2.0349998, y: -1.555}
      - {x: 1.985, y: -1.515}
      - {x: 1.8449999, y: -1.515}
      - {x: 1.795, y: -1.525}
      - {x: 1.7149999, y: -1.545}
      - {x: 1.495, y: -1.605}
      - {x: 1.415, y: -1.625}
      - {x: 1.355, y: -1.655}
      - {x: 1.3349999, y: -1.535}
      - {x: 1.255, y: -1.105}
      - {x: 1.145, y: -0.505}
      - {x: 1.0849999, y: -0.185}
      - {x: 0.955, y: 0.505}
      - {x: 0.945, y: 0.565}
      - {x: 0.92499995, y: 0.66499996}
      - {x: 0.865, y: 0.97499996}
      - {x: 0.84499997, y: 1.095}
      - {x: 0.825, y: 1.1949999}
      - {x: 0.695, y: 1.8349999}
      - {x: 0.745, y: 1.8449999}
      - {x: 0.835, y: 1.925}
      - {x: 0.865, y: 2.0049999}
      - {x: 0.875, y: 2.0349998}
      - {x: 0.885, y: 2.145}
      - {x: 0.885, y: 2.895}
      - {x: 0.875, y: 3.085}
      - {x: 0.865, y: 3.215}
      - {x: 0.85499996, y: 3.3249998}
      - {x: 0.835, y: 3.455}
      - {x: 0.805, y: 3.5049999}
      - {x: 0.695, y: 3.5749998}
      - {x: 0.655, y: 3.595}
      - {x: 0.655, y: 3.705}
      - {x: 0.645, y: 3.7949998}
      - {x: 0.625, y: 3.895}
      - {x: 0.60499996, y: 3.965}
      - {x: 0.585, y: 4.025}
      - {x: 0.515, y: 4.1749997}
      - {x: 0.475, y: 4.235}
      - {x: 0.345, y: 4.355}
      - {x: 0.235, y: 4.4249997}
      - {x: 0.155, y: 4.455}
      - {x: -0.114999995, y: 4.455}
      - {x: -0.185, y: 4.4249997}
      - {x: -0.275, y: 4.375}
      - {x: -0.355, y: 4.305}
      - {x: -0.415, y: 4.225}
      - {x: -0.465, y: 4.165}
      - {x: -0.565, y: 3.985}
      - {x: -0.585, y: 3.885}
      - {x: -0.615, y: 3.745}
      - {x: -0.615, y: 3.645}
      - {x: -0.715, y: 3.595}
      - {x: -0.775, y: 3.5249999}
      - {x: -0.78499997, y: 3.465}
      - {x: -0.815, y: 3.3249998}
      - {x: -0.835, y: 3.195}
      - {x: -0.84499997, y: 3.105}
      - {x: -0.85499996, y: 2.995}
      - {x: -0.865, y: 2.835}
      - {x: -0.865, y: 2.335}
      - {x: -0.85499996, y: 2.225}
      - {x: -0.84499997, y: 2.135}
      - {x: -0.825, y: 2.0249999}
      - {x: -0.79499996, y: 1.925}
      - {x: -0.755, y: 1.8349999}
      - {x: -0.705, y: 1.795}
      - {x: -0.695, y: 1.765}
      - {x: -0.775, y: 1.415}
      - {x: -0.885, y: 0.92499995}
      - {x: -1.105, y: -0.065}
      - {x: -1.135, y: -0.195}
      - {x: -1.235, y: -0.645}
      - {x: -1.295, y: -0.92499995}
      - {x: -1.395, y: -1.385}
      - {x: -1.415, y: -1.485}
      - {x: -1.4549999, y: -1.665}
      - {x: -1.495, y: -1.8349999}
      - {x: -1.625, y: -1.795}
      - {x: -2.065, y: -1.685}
      - {x: -2.155, y: -1.665}
      - {x: -2.2649999, y: -1.645}
      - {x: -2.345, y: -1.645}
      - {x: -2.385, y: -1.665}
      - {x: -2.395, y: -1.735}
      - {x: -2.385, y: -1.795}
      - {x: -2.325, y: -1.925}
      - {x: -2.865, y: -1.925}
      - {x: -2.875, y: -1.935}
      - {x: -3.145, y: -1.935}
      - {x: -3.155, y: -1.9449999}
      - {x: -3.365, y: -1.9449999}
      - {x: -3.485, y: -1.9549999}
      - {x: -3.5749998, y: -1.9649999}
      - {x: -3.635, y: -1.9749999}
      - {x: -3.705, y: -1.995}
      - {x: -3.725, y: -2.0149999}
      - {x: -3.725, y: -2.095}
      - {x: -3.645, y: -2.185}
      - {x: -3.5549998, y: -2.2549999}
      - {x: -3.435, y: -2.355}
      - {x: -3.225, y: -2.5049999}
      - {x: -3.0449998, y: -2.625}
      - {x: -2.855, y: -2.745}
      - {x: -2.655, y: -2.875}
      - {x: -2.395, y: -3.0449998}
      - {x: -2.185, y: -3.175}
      - {x: -2.0449998, y: -3.2549999}
      - {x: -1.905, y: -3.345}
      - {x: -1.8249999, y: -3.385}
      - {x: -1.805, y: -3.415}
      - {x: -1.8349999, y: -3.605}
      - {x: -1.8349999, y: -3.705}
      - {x: -1.8149999, y: -3.7549999}
      - {x: -1.7149999, y: -3.865}
      - {x: -1.5849999, y: -3.965}
      - {x: -1.485, y: -4.045}
      - {x: -1.425, y: -4.085}
      - {x: -1.255, y: -4.1949997}
      - {x: -1.2049999, y: -4.2149997}
      - {x: -1.165, y: -4.2149997}
      - {x: -1.125, y: -4.1749997}
      - {x: -1.0849999, y: -4.085}
      - {x: -1.0649999, y: -4.015}
      - {x: -1.0649999, y: -4.1749997}
      - {x: -1.055, y: -4.235}
      - {x: -0.995, y: -4.315}
      - {x: -0.945, y: -4.355}
      - {x: -0.815, y: -4.415}
      - {x: -0.73499995, y: -4.4249997}
      - {x: -0.625, y: -4.4449997}
      - {x: -0.545, y: -4.455}
      - {x: 0.525, y: -4.455}
      - {x: 0.705, y: -4.4249997}
      - {x: 0.825, y: -4.3849998}
    - - {x: -0.125, y: 4.015}
      - {x: 0.065, y: 4.045}
      - {x: 0.225, y: 3.865}
      - {x: -0.145, y: 3.855}
--- !u!1 &7819354263086611864
GameObject:
  m_ObjectHideFlags: 0
  m_CorrespondingSourceObject: {fileID: 0}
  m_PrefabInstance: {fileID: 0}
  m_PrefabAsset: {fileID: 0}
  serializedVersion: 6
  m_Component:
  - component: {fileID: 7281803101788958363}
  - component: {fileID: 3631627644470642435}
  m_Layer: 0
  m_Name: nut_over_top_over_wood
  m_TagString: Untagged
  m_Icon: {fileID: 0}
  m_NavMeshLayer: 0
  m_StaticEditorFlags: 0
  m_IsActive: 1
--- !u!4 &7281803101788958363
Transform:
  m_ObjectHideFlags: 0
  m_CorrespondingSourceObject: {fileID: 0}
  m_PrefabInstance: {fileID: 0}
  m_PrefabAsset: {fileID: 0}
  m_GameObject: {fileID: 7819354263086611864}
  m_LocalRotation: {x: -0, y: -0, z: -0, w: 1}
  m_LocalPosition: {x: 0, y: 4.1089478, z: 145.58594}
  m_LocalScale: {x: 1, y: 1, z: 1}
  m_Children: []
  m_Father: {fileID: 8513972493215572319}
  m_RootOrder: 1
  m_LocalEulerAnglesHint: {x: 0, y: 0, z: 0}
--- !u!212 &3631627644470642435
SpriteRenderer:
  m_ObjectHideFlags: 0
  m_CorrespondingSourceObject: {fileID: 0}
  m_PrefabInstance: {fileID: 0}
  m_PrefabAsset: {fileID: 0}
  m_GameObject: {fileID: 7819354263086611864}
  m_Enabled: 1
  m_CastShadows: 0
  m_ReceiveShadows: 0
  m_DynamicOccludee: 1
  m_MotionVectors: 1
  m_LightProbeUsage: 1
  m_ReflectionProbeUsage: 1
  m_RenderingLayerMask: 1
  m_RendererPriority: 0
  m_Materials:
  - {fileID: 10754, guid: 0000000000000000f000000000000000, type: 0}
  m_StaticBatchInfo:
    firstSubMesh: 0
    subMeshCount: 0
  m_StaticBatchRoot: {fileID: 0}
  m_ProbeAnchor: {fileID: 0}
  m_LightProbeVolumeOverride: {fileID: 0}
  m_ScaleInLightmap: 1
  m_ReceiveGI: 1
  m_PreserveUVs: 0
  m_IgnoreNormalsForChartDetection: 0
  m_ImportantGI: 0
  m_StitchLightmapSeams: 1
  m_SelectedEditorRenderState: 0
  m_MinimumChartSize: 4
  m_AutoUVMaxDistance: 0.5
  m_AutoUVMaxAngle: 89
  m_LightmapParameters: {fileID: 0}
  m_SortingLayerID: -1693833697
  m_SortingLayer: 10
  m_SortingOrder: 0
  m_Sprite: {fileID: 21300000, guid: bc4e57c4d5a1b704eb58caf37670f052, type: 3}
  m_Color: {r: 1, g: 1, b: 1, a: 1}
  m_FlipX: 0
  m_FlipY: 0
  m_DrawMode: 0
  m_Size: {x: 1.08, y: 1.08}
  m_AdaptiveModeThreshold: 0.5
  m_SpriteTileMode: 0
  m_WasSpriteAssigned: 1
  m_MaskInteraction: 0
  m_SpriteSortPoint: 0
