%YAML 1.1
%TAG !u! tag:unity3d.com,2011:
--- !u!1 &570689528
GameObject:
  m_ObjectHideFlags: 0
  m_CorrespondingSourceObject: {fileID: 0}
  m_PrefabInstance: {fileID: 0}
  m_PrefabAsset: {fileID: 0}
  serializedVersion: 6
  m_Component:
  - component: {fileID: 570689529}
  m_Layer: 13
  m_Name: Stinger Fire Position (1)
  m_TagString: Untagged
  m_Icon: {fileID: 0}
  m_NavMeshLayer: 0
  m_StaticEditorFlags: 0
  m_IsActive: 1
--- !u!4 &570689529
Transform:
  m_ObjectHideFlags: 0
  m_CorrespondingSourceObject: {fileID: 0}
  m_PrefabInstance: {fileID: 0}
  m_PrefabAsset: {fileID: 0}
  m_GameObject: {fileID: 570689528}
  m_LocalRotation: {x: 0, y: 0, z: 0, w: 1}
  m_LocalPosition: {x: -1.238, y: -2.466, z: 0}
  m_LocalScale: {x: 1, y: 1, z: 1}
  m_Children: []
  m_Father: {fileID: 9025275189685302296}
  m_RootOrder: 1
  m_LocalEulerAnglesHint: {x: 0, y: 0, z: 0}
--- !u!1 &1937180789410614968
GameObject:
  m_ObjectHideFlags: 0
  m_CorrespondingSourceObject: {fileID: 0}
  m_PrefabInstance: {fileID: 0}
  m_PrefabAsset: {fileID: 0}
  serializedVersion: 6
  m_Component:
  - component: {fileID: 1069058526036450807}
  m_Layer: 13
  m_Name: Stinger Fire Position
  m_TagString: Untagged
  m_Icon: {fileID: 0}
  m_NavMeshLayer: 0
  m_StaticEditorFlags: 0
  m_IsActive: 1
--- !u!4 &1069058526036450807
Transform:
  m_ObjectHideFlags: 0
  m_CorrespondingSourceObject: {fileID: 0}
  m_PrefabInstance: {fileID: 0}
  m_PrefabAsset: {fileID: 0}
  m_GameObject: {fileID: 1937180789410614968}
  m_LocalRotation: {x: 0, y: 0, z: 0, w: 1}
  m_LocalPosition: {x: -1.003, y: -2.736, z: 0}
  m_LocalScale: {x: 1, y: 1, z: 1}
  m_Children: []
  m_Father: {fileID: 9025275189685302296}
  m_RootOrder: 2
  m_LocalEulerAnglesHint: {x: 0, y: 0, z: 0}
--- !u!1 &5829165844534840652
GameObject:
  m_ObjectHideFlags: 0
  m_CorrespondingSourceObject: {fileID: 0}
  m_PrefabInstance: {fileID: 0}
  m_PrefabAsset: {fileID: 0}
  serializedVersion: 6
  m_Component:
  - component: {fileID: 4255430952842240250}
  m_Layer: 13
  m_Name: Sight Origin Point
  m_TagString: Untagged
  m_Icon: {fileID: 0}
  m_NavMeshLayer: 0
  m_StaticEditorFlags: 0
  m_IsActive: 1
--- !u!4 &4255430952842240250
Transform:
  m_ObjectHideFlags: 0
  m_CorrespondingSourceObject: {fileID: 0}
  m_PrefabInstance: {fileID: 0}
  m_PrefabAsset: {fileID: 0}
  m_GameObject: {fileID: 5829165844534840652}
  m_LocalRotation: {x: 0, y: 0, z: 0, w: 1}
  m_LocalPosition: {x: 0.73, y: 1.58, z: 0}
  m_LocalScale: {x: 1, y: 1, z: 1}
  m_Children: []
  m_Father: {fileID: 9025275190845682991}
  m_RootOrder: 1
  m_LocalEulerAnglesHint: {x: 0, y: 0, z: 0}
--- !u!1 &9025275189685302279
GameObject:
  m_ObjectHideFlags: 0
  m_CorrespondingSourceObject: {fileID: 0}
  m_PrefabInstance: {fileID: 0}
  m_PrefabAsset: {fileID: 0}
  serializedVersion: 6
  m_Component:
  - component: {fileID: 9025275189685302296}
  - component: {fileID: 9025275189685302299}
  - component: {fileID: 9025275189685302298}
  - component: {fileID: 9025275189685302297}
  m_Layer: 13
  m_Name: Character
  m_TagString: Untagged
  m_Icon: {fileID: 0}
  m_NavMeshLayer: 0
  m_StaticEditorFlags: 0
  m_IsActive: 1
--- !u!4 &9025275189685302296
Transform:
  m_ObjectHideFlags: 0
  m_CorrespondingSourceObject: {fileID: 0}
  m_PrefabInstance: {fileID: 0}
  m_PrefabAsset: {fileID: 0}
  m_GameObject: {fileID: 9025275189685302279}
  m_LocalRotation: {x: -0, y: -0, z: -0, w: 1}
  m_LocalPosition: {x: 0, y: 0, z: 0}
  m_LocalScale: {x: 1, y: 1, z: 1}
  m_Children:
  - {fileID: 7717856906745615128}
  - {fileID: 570689529}
  - {fileID: 1069058526036450807}
  m_Father: {fileID: 9025275190845682991}
  m_RootOrder: 0
  m_LocalEulerAnglesHint: {x: 0, y: 0, z: 0}
--- !u!33 &9025275189685302299
MeshFilter:
  m_ObjectHideFlags: 0
  m_CorrespondingSourceObject: {fileID: 0}
  m_PrefabInstance: {fileID: 0}
  m_PrefabAsset: {fileID: 0}
  m_GameObject: {fileID: 9025275189685302279}
  m_Mesh: {fileID: 0}
--- !u!23 &9025275189685302298
MeshRenderer:
  m_ObjectHideFlags: 0
  m_CorrespondingSourceObject: {fileID: 0}
  m_PrefabInstance: {fileID: 0}
  m_PrefabAsset: {fileID: 0}
  m_GameObject: {fileID: 9025275189685302279}
  m_Enabled: 1
  m_CastShadows: 1
  m_ReceiveShadows: 1
  m_DynamicOccludee: 1
  m_MotionVectors: 1
  m_LightProbeUsage: 1
  m_ReflectionProbeUsage: 1
  m_RayTracingMode: 2
  m_RayTraceProcedural: 0
  m_RenderingLayerMask: 1
  m_RendererPriority: 0
  m_Materials:
  - {fileID: 2100000, guid: bd99fafe5b9d2154aaa6556bd2059149, type: 2}
  - {fileID: 2100000, guid: eadd95d363f434a48a175f4556ade361, type: 2}
  m_StaticBatchInfo:
    firstSubMesh: 0
    subMeshCount: 0
  m_StaticBatchRoot: {fileID: 0}
  m_ProbeAnchor: {fileID: 0}
  m_LightProbeVolumeOverride: {fileID: 0}
  m_ScaleInLightmap: 1
  m_ReceiveGI: 1
  m_PreserveUVs: 0
  m_IgnoreNormalsForChartDetection: 0
  m_ImportantGI: 0
  m_StitchLightmapSeams: 1
  m_SelectedEditorRenderState: 3
  m_MinimumChartSize: 4
  m_AutoUVMaxDistance: 0.5
  m_AutoUVMaxAngle: 89
  m_LightmapParameters: {fileID: 0}
  m_SortingLayerID: 1583541527
  m_SortingLayer: 5
  m_SortingOrder: 0
  m_AdditionalVertexStreams: {fileID: 0}
--- !u!114 &9025275189685302297
MonoBehaviour:
  m_ObjectHideFlags: 0
  m_CorrespondingSourceObject: {fileID: 0}
  m_PrefabInstance: {fileID: 0}
  m_PrefabAsset: {fileID: 0}
  m_GameObject: {fileID: 9025275189685302279}
  m_Enabled: 1
  m_EditorHideFlags: 0
  m_Script: {fileID: 11500000, guid: d247ba06193faa74d9335f5481b2b56c, type: 3}
  m_Name: 
  m_EditorClassIdentifier: 
  skeletonDataAsset: {fileID: 11400000, guid: 24247ebf891ddcb4192788248fb5204b, type: 2}
  initialSkinName: 
  initialFlipX: 0
  initialFlipY: 0
  separatorSlotNames: []
  zSpacing: 0
  useClipping: 1
  immutableTriangles: 0
  pmaVertexColors: 0
  clearStateOnDisable: 0
  tintBlack: 0
  singleSubmesh: 0
  fixDrawOrder: 0
  addNormals: 0
  calculateTangents: 0
  maskInteraction: 0
  maskMaterials:
    materialsMaskDisabled: []
    materialsInsideMask: []
    materialsOutsideMask: []
  disableRenderingOnOverride: 1
  _animationName: Blink
  loop: 1
  timeScale: 1
--- !u!1 &9025275190845682990
GameObject:
  m_ObjectHideFlags: 0
  m_CorrespondingSourceObject: {fileID: 0}
  m_PrefabInstance: {fileID: 0}
  m_PrefabAsset: {fileID: 0}
  serializedVersion: 6
  m_Component:
  - component: {fileID: 9025275190845682991}
  - component: {fileID: 9025275190845682976}
  - component: {fileID: 9025275190845682979}
  - component: {fileID: 9025275190845682978}
  - component: {fileID: 8265268963889833118}
  - component: {fileID: 9025275190845682977}
  m_Layer: 13
  m_Name: Wasp
  m_TagString: Untagged
  m_Icon: {fileID: 0}
  m_NavMeshLayer: 0
  m_StaticEditorFlags: 0
  m_IsActive: 1
--- !u!4 &9025275190845682991
Transform:
  m_ObjectHideFlags: 0
  m_CorrespondingSourceObject: {fileID: 0}
  m_PrefabInstance: {fileID: 0}
  m_PrefabAsset: {fileID: 0}
  m_GameObject: {fileID: 9025275190845682990}
  m_LocalRotation: {x: 0, y: 0, z: 0, w: 1}
  m_LocalPosition: {x: 0, y: 0, z: 0}
  m_LocalScale: {x: 0.5, y: 0.5, z: 1}
  m_Children:
  - {fileID: 9025275189685302296}
  - {fileID: 4255430952842240250}
  m_Father: {fileID: 0}
  m_RootOrder: 0
  m_LocalEulerAnglesHint: {x: 0, y: 0, z: 0}
--- !u!61 &9025275190845682976
BoxCollider2D:
  m_ObjectHideFlags: 0
  m_CorrespondingSourceObject: {fileID: 0}
  m_PrefabInstance: {fileID: 0}
  m_PrefabAsset: {fileID: 0}
  m_GameObject: {fileID: 9025275190845682990}
  m_Enabled: 1
  m_Density: 1
  m_Material: {fileID: 0}
  m_IsTrigger: 0
  m_UsedByEffector: 0
  m_UsedByComposite: 0
  m_Offset: {x: 0.72800446, y: -0.6119919}
  m_SpriteTilingProperty:
    border: {x: 0, y: 0, z: 0, w: 0}
    pivot: {x: 0, y: 0}
    oldSize: {x: 0, y: 0}
    newSize: {x: 0, y: 0}
    adaptiveTilingThreshold: 0
    drawMode: 0
    adaptiveTiling: 0
  m_AutoTiling: 0
  serializedVersion: 2
  m_Size: {x: 3.720047, y: 6.1710052}
  m_EdgeRadius: 0
--- !u!114 &9025275190845682979
MonoBehaviour:
  m_ObjectHideFlags: 0
  m_CorrespondingSourceObject: {fileID: 0}
  m_PrefabInstance: {fileID: 0}
  m_PrefabAsset: {fileID: 0}
  m_GameObject: {fileID: 9025275190845682990}
  m_Enabled: 1
  m_EditorHideFlags: 0
  m_Script: {fileID: 11500000, guid: f07e65407812391499e98b09f6a051a3, type: 3}
  m_Name: 
  m_EditorClassIdentifier: 
  Collider: {fileID: 9025275190845682976}
  CollisionMask:
    serializedVersion: 2
    m_Bits: 512
  MaximumAllowedNumberOfCollisionsPerCast: 1
  UseColliderBounds: 1
  RaycastAlongGameObjectNormal: 0
  HorizontalRayCount: 4
  VerticalRayCount: 4
  HorizontalRaySpacing: 0
  VerticalRaySpacing: 0
  RayCountSwitchNeeded: 0
--- !u!114 &9025275190845682978
MonoBehaviour:
  m_ObjectHideFlags: 0
  m_CorrespondingSourceObject: {fileID: 0}
  m_PrefabInstance: {fileID: 0}
  m_PrefabAsset: {fileID: 0}
  m_GameObject: {fileID: 9025275190845682990}
  m_Enabled: 1
  m_EditorHideFlags: 0
  m_Script: {fileID: 11500000, guid: f72dd513055f70b4ba6af3d878cf6288, type: 3}
  m_Name: 
  m_EditorClassIdentifier: 
  ShouldTurnToNotFallOffPlatfrom: 0
  OnShouldTurnAroundFromPlatfrom:
    m_PersistentCalls:
      m_Calls: []
  StandingOnUpwardMovingPlatform: 0
  _maxAngle: 60
--- !u!114 &8265268963889833118
MonoBehaviour:
  m_ObjectHideFlags: 0
  m_CorrespondingSourceObject: {fileID: 0}
  m_PrefabInstance: {fileID: 0}
  m_PrefabAsset: {fileID: 0}
  m_GameObject: {fileID: 9025275190845682990}
  m_Enabled: 1
  m_EditorHideFlags: 0
  m_Script: {fileID: 11500000, guid: 0a83b196d3edd0d448b40efb30779fab, type: 3}
  m_Name: 
  m_EditorClassIdentifier: 
  Collider: {fileID: 0}
  CollisionMask:
    serializedVersion: 2
    m_Bits: 512
  MaximumAllowedNumberOfCollisionsPerCast: 1
  UseColliderBounds: 1
--- !u!114 &9025275190845682977
MonoBehaviour:
  m_ObjectHideFlags: 0
  m_CorrespondingSourceObject: {fileID: 0}
  m_PrefabInstance: {fileID: 0}
  m_PrefabAsset: {fileID: 0}
  m_GameObject: {fileID: 9025275190845682990}
  m_Enabled: 1
  m_EditorHideFlags: 0
  m_Script: {fileID: 11500000, guid: 33eb5108fbb0ed146a3c58f99057c390, type: 3}
  m_Name: 
  m_EditorClassIdentifier: 
  GravityScale: 0
  MoveCharacterRelativeToWorldSpace: 0
  MoveSpeed: 0
  ActivateOnStartDebug: 0
  BaseMoveSpeed: 3
  MaxHealth: 200
  StartFaceDir: -1
  TargetVector: {x: 0, y: 0, z: 0}
  ReadyForNewWaypoint: 0
  DoCollisionCheckOnSpecifiedAxis: 66
  Waypoints: {fileID: 0}
  ActiveArea:
    serializedVersion: 2
    x: 0
    y: 0
    width: 0
    height: 0
  Shield: {fileID: 0}
  _movementType: 1
  _memberOfNPCGroup: 0
  _characterSpriteCollection: {fileID: 9025275189685302279}
  _canFallOffPlatforms: 0
  _shouldAnalyzePlatform: 0
  _maxPlatformAnalysisDistance: 50
  GunChipSpawnChance: 0
  ShieldSpawnChance: 0
  DestructionSprite: {fileID: 0}
  DestructionSpritePlaceHolder: {fileID: 0}
  EnemyDestructionEffectCollection: {fileID: 0}
  _enemyLookDistance: 5
  _knockbackResistance: {x: 0, y: 0}
  _minScrapValue: 0
  _maxScrapValue: 0
  _canRequestTurnAround: 1
  _canBeRequestedToTurnAround: 1
  TravelTowardsFirstWaypointFirst: 1
  FaceStartingDirectionWheneverPossible: 0
  TimeBetweenShots: 2
  StingerFireSpeed: 12
  StingerDamage: 30
  PathTilemap: {fileID: 0}
  StingerProjectile: {fileID: 1097292581791905388, guid: 2482c90843831fd498f7848fc7170b78,
    type: 3}
  waypoints: {fileID: 0}
--- !u!1001 &3750447682236137850
PrefabInstance:
  m_ObjectHideFlags: 0
  serializedVersion: 2
  m_Modification:
    m_TransformParent: {fileID: 9025275189685302296}
    m_Modifications:
    - target: {fileID: 1097292581791905388, guid: 2482c90843831fd498f7848fc7170b78,
        type: 3}
      propertyPath: m_Name
      value: Stinger Projectile
      objectReference: {fileID: 0}
    - target: {fileID: 1097292581791905388, guid: 2482c90843831fd498f7848fc7170b78,
        type: 3}
      propertyPath: m_Layer
      value: 13
      objectReference: {fileID: 0}
    - target: {fileID: 1097292581791905388, guid: 2482c90843831fd498f7848fc7170b78,
        type: 3}
      propertyPath: m_IsActive
      value: 0
      objectReference: {fileID: 0}
    - target: {fileID: 3750447681703379657, guid: 2482c90843831fd498f7848fc7170b78,
        type: 3}
      propertyPath: m_Layer
      value: 13
      objectReference: {fileID: 0}
    - target: {fileID: 6851964861002371682, guid: 2482c90843831fd498f7848fc7170b78,
        type: 3}
      propertyPath: m_RootOrder
      value: 0
      objectReference: {fileID: 0}
    - target: {fileID: 6851964861002371682, guid: 2482c90843831fd498f7848fc7170b78,
        type: 3}
      propertyPath: m_LocalPosition.x
      value: -0.501
      objectReference: {fileID: 0}
    - target: {fileID: 6851964861002371682, guid: 2482c90843831fd498f7848fc7170b78,
        type: 3}
      propertyPath: m_LocalPosition.y
      value: -3.535
      objectReference: {fileID: 0}
    - target: {fileID: 6851964861002371682, guid: 2482c90843831fd498f7848fc7170b78,
        type: 3}
      propertyPath: m_LocalPosition.z
      value: 0
      objectReference: {fileID: 0}
    - target: {fileID: 6851964861002371682, guid: 2482c90843831fd498f7848fc7170b78,
        type: 3}
      propertyPath: m_LocalRotation.w
      value: 0.92387956
      objectReference: {fileID: 0}
    - target: {fileID: 6851964861002371682, guid: 2482c90843831fd498f7848fc7170b78,
        type: 3}
      propertyPath: m_LocalRotation.x
      value: 0
      objectReference: {fileID: 0}
    - target: {fileID: 6851964861002371682, guid: 2482c90843831fd498f7848fc7170b78,
        type: 3}
      propertyPath: m_LocalRotation.y
      value: 0
      objectReference: {fileID: 0}
    - target: {fileID: 6851964861002371682, guid: 2482c90843831fd498f7848fc7170b78,
        type: 3}
      propertyPath: m_LocalRotation.z
      value: -0.38268343
      objectReference: {fileID: 0}
    - target: {fileID: 6851964861002371682, guid: 2482c90843831fd498f7848fc7170b78,
        type: 3}
      propertyPath: m_LocalEulerAnglesHint.x
      value: 0
      objectReference: {fileID: 0}
    - target: {fileID: 6851964861002371682, guid: 2482c90843831fd498f7848fc7170b78,
        type: 3}
      propertyPath: m_LocalEulerAnglesHint.y
      value: 0
      objectReference: {fileID: 0}
    - target: {fileID: 6851964861002371682, guid: 2482c90843831fd498f7848fc7170b78,
        type: 3}
      propertyPath: m_LocalEulerAnglesHint.z
      value: -45
      objectReference: {fileID: 0}
    m_RemovedComponents: []
  m_SourcePrefab: {fileID: 100100000, guid: 2482c90843831fd498f7848fc7170b78, type: 3}
--- !u!4 &7717856906745615128 stripped
Transform:
  m_CorrespondingSourceObject: {fileID: 6851964861002371682, guid: 2482c90843831fd498f7848fc7170b78,
    type: 3}
  m_PrefabInstance: {fileID: 3750447682236137850}
  m_PrefabAsset: {fileID: 0}
