%YAML 1.1
%TAG !u! tag:unity3d.com,2011:
--- !u!1 &3335024999665031436
GameObject:
  m_ObjectHideFlags: 0
  m_CorrespondingSourceObject: {fileID: 0}
  m_PrefabInstance: {fileID: 0}
  m_PrefabAsset: {fileID: 0}
  serializedVersion: 6
  m_Component:
  - component: {fileID: 3335024999665031439}
  m_Layer: 0
  m_Name: Vertical Vine Hitch
  m_TagString: Untagged
  m_Icon: {fileID: 0}
  m_NavMeshLayer: 0
  m_StaticEditorFlags: 0
  m_IsActive: 1
--- !u!4 &3335024999665031439
Transform:
  m_ObjectHideFlags: 0
  m_CorrespondingSourceObject: {fileID: 0}
  m_PrefabInstance: {fileID: 0}
  m_PrefabAsset: {fileID: 0}
  m_GameObject: {fileID: 3335024999665031436}
  m_LocalRotation: {x: -0, y: -0, z: -0, w: 1}
  m_LocalPosition: {x: 13.305504, y: 3.11, z: 0}
  m_LocalScale: {x: 0.5, y: 0.5, z: 1}
  m_Children:
  - {fileID: 3339698195469169654}
  - {fileID: 3339562559258845147}
  m_Father: {fileID: 3335025000294981607}
  m_RootOrder: 1
  m_LocalEulerAnglesHint: {x: 0, y: 0, z: 0}
--- !u!1 &3335025000294981604
GameObject:
  m_ObjectHideFlags: 0
  m_CorrespondingSourceObject: {fileID: 0}
  m_PrefabInstance: {fileID: 0}
  m_PrefabAsset: {fileID: 0}
  serializedVersion: 6
  m_Component:
  - component: {fileID: 3335025000294981607}
  m_Layer: 0
  m_Name: Small Vertical Climbable Vine With Hitch
  m_TagString: Untagged
  m_Icon: {fileID: 0}
  m_NavMeshLayer: 0
  m_StaticEditorFlags: 0
  m_IsActive: 1
--- !u!4 &3335025000294981607
Transform:
  m_ObjectHideFlags: 0
  m_CorrespondingSourceObject: {fileID: 0}
  m_PrefabInstance: {fileID: 0}
  m_PrefabAsset: {fileID: 0}
  m_GameObject: {fileID: 3335025000294981604}
  m_LocalRotation: {x: -0, y: -0, z: -0, w: 1}
  m_LocalPosition: {x: 0, y: 0, z: 0}
  m_LocalScale: {x: 1, y: 1, z: 1}
  m_Children:
  - {fileID: 4852554904970530367}
  - {fileID: 3335024999665031439}
  - {fileID: 563333561617265030}
  m_Father: {fileID: 0}
  m_RootOrder: 0
  m_LocalEulerAnglesHint: {x: 0, y: 0, z: 0}
--- !u!61 &5563564583068342670
BoxCollider2D:
  m_ObjectHideFlags: 0
  m_CorrespondingSourceObject: {fileID: 0}
  m_PrefabInstance: {fileID: 0}
  m_PrefabAsset: {fileID: 0}
  m_GameObject: {fileID: 3336286714002371322}
  m_Enabled: 1
  m_Density: 1
  m_Material: {fileID: 0}
  m_IsTrigger: 0
  m_UsedByEffector: 0
  m_UsedByComposite: 0
  m_Offset: {x: 0, y: 0}
  m_SpriteTilingProperty:
    border: {x: 0, y: 0, z: 0, w: 0}
    pivot: {x: 0.5, y: 0.5}
    oldSize: {x: 0.76, y: 5.12}
    newSize: {x: 1, y: 1}
    adaptiveTilingThreshold: 0.5
    drawMode: 0
    adaptiveTiling: 0
  m_AutoTiling: 0
  serializedVersion: 2
  m_Size: {x: 0.5, y: 5}
  m_EdgeRadius: 0
--- !u!1 &4283267648461614864
GameObject:
  m_ObjectHideFlags: 0
  m_CorrespondingSourceObject: {fileID: 0}
  m_PrefabInstance: {fileID: 0}
  m_PrefabAsset: {fileID: 0}
  serializedVersion: 6
  m_Component:
  - component: {fileID: 563333561617265030}
  - component: {fileID: 3274287941162411695}
  m_Layer: 0
  m_Name: Tied Vine
  m_TagString: Untagged
  m_Icon: {fileID: 0}
  m_NavMeshLayer: 0
  m_StaticEditorFlags: 0
  m_IsActive: 1
--- !u!4 &563333561617265030
Transform:
  m_ObjectHideFlags: 0
  m_CorrespondingSourceObject: {fileID: 0}
  m_PrefabInstance: {fileID: 0}
  m_PrefabAsset: {fileID: 0}
  m_GameObject: {fileID: 4283267648461614864}
  m_LocalRotation: {x: -0, y: -0, z: -0, w: 1}
  m_LocalPosition: {x: 17.46, y: 7.78, z: 0}
  m_LocalScale: {x: 0.5, y: 0.05, z: 1}
  m_Children: []
  m_Father: {fileID: 3335025000294981607}
  m_RootOrder: 2
  m_LocalEulerAnglesHint: {x: 0, y: 0, z: 0}
--- !u!212 &3274287941162411695
SpriteRenderer:
  m_ObjectHideFlags: 0
  m_CorrespondingSourceObject: {fileID: 0}
  m_PrefabInstance: {fileID: 0}
  m_PrefabAsset: {fileID: 0}
  m_GameObject: {fileID: 4283267648461614864}
  m_Enabled: 1
  m_CastShadows: 0
  m_ReceiveShadows: 0
  m_DynamicOccludee: 1
  m_MotionVectors: 1
  m_LightProbeUsage: 1
  m_ReflectionProbeUsage: 1
  m_RenderingLayerMask: 1
  m_RendererPriority: 0
  m_Materials:
  - {fileID: 2100000, guid: a97c105638bdf8b4a8650670310a4cd3, type: 2}
  m_StaticBatchInfo:
    firstSubMesh: 0
    subMeshCount: 0
  m_StaticBatchRoot: {fileID: 0}
  m_ProbeAnchor: {fileID: 0}
  m_LightProbeVolumeOverride: {fileID: 0}
  m_ScaleInLightmap: 1
  m_ReceiveGI: 1
  m_PreserveUVs: 0
  m_IgnoreNormalsForChartDetection: 0
  m_ImportantGI: 0
  m_StitchLightmapSeams: 1
  m_SelectedEditorRenderState: 0
  m_MinimumChartSize: 4
  m_AutoUVMaxDistance: 0.5
  m_AutoUVMaxAngle: 89
  m_LightmapParameters: {fileID: 0}
  m_SortingLayerID: 569401205
  m_SortingLayer: 3
  m_SortingOrder: 2
  m_Sprite: {fileID: 21300000, guid: 98e0b96aa34053b44bdd0f0c5fa80f3b, type: 3}
  m_Color: {r: 1, g: 1, b: 1, a: 1}
  m_FlipX: 0
  m_FlipY: 0
  m_DrawMode: 0
  m_Size: {x: 2.56, y: 20.48}
  m_AdaptiveModeThreshold: 0.5
  m_SpriteTileMode: 0
  m_WasSpriteAssigned: 1
  m_MaskInteraction: 0
  m_SpriteSortPoint: 0
--- !u!1001 &3335024998634052569
PrefabInstance:
  m_ObjectHideFlags: 0
  serializedVersion: 2
  m_Modification:
    m_TransformParent: {fileID: 3335025000294981607}
    m_Modifications:
    - target: {fileID: 5890632106413050736, guid: 6453f94fff6948045b16846ba64f99d8,
        type: 3}
      propertyPath: m_Name
      value: Climbable Vine
      objectReference: {fileID: 0}
    - target: {fileID: 7863249116132300262, guid: 6453f94fff6948045b16846ba64f99d8,
        type: 3}
      propertyPath: m_LocalPosition.x
      value: 17.449982
      objectReference: {fileID: 0}
    - target: {fileID: 7863249116132300262, guid: 6453f94fff6948045b16846ba64f99d8,
        type: 3}
      propertyPath: m_LocalPosition.y
      value: 0.060002327
      objectReference: {fileID: 0}
    - target: {fileID: 7863249116132300262, guid: 6453f94fff6948045b16846ba64f99d8,
        type: 3}
      propertyPath: m_LocalPosition.z
      value: 0
      objectReference: {fileID: 0}
    - target: {fileID: 7863249116132300262, guid: 6453f94fff6948045b16846ba64f99d8,
        type: 3}
      propertyPath: m_LocalRotation.x
      value: -0
      objectReference: {fileID: 0}
    - target: {fileID: 7863249116132300262, guid: 6453f94fff6948045b16846ba64f99d8,
        type: 3}
      propertyPath: m_LocalRotation.y
      value: -0
      objectReference: {fileID: 0}
    - target: {fileID: 7863249116132300262, guid: 6453f94fff6948045b16846ba64f99d8,
        type: 3}
      propertyPath: m_LocalRotation.z
      value: -0
      objectReference: {fileID: 0}
    - target: {fileID: 7863249116132300262, guid: 6453f94fff6948045b16846ba64f99d8,
        type: 3}
      propertyPath: m_LocalRotation.w
      value: 1
      objectReference: {fileID: 0}
    - target: {fileID: 7863249116132300262, guid: 6453f94fff6948045b16846ba64f99d8,
        type: 3}
      propertyPath: m_RootOrder
      value: 0
      objectReference: {fileID: 0}
    - target: {fileID: 7863249116132300262, guid: 6453f94fff6948045b16846ba64f99d8,
        type: 3}
      propertyPath: m_LocalEulerAnglesHint.x
      value: 0
      objectReference: {fileID: 0}
    - target: {fileID: 7863249116132300262, guid: 6453f94fff6948045b16846ba64f99d8,
        type: 3}
      propertyPath: m_LocalEulerAnglesHint.y
      value: 0
      objectReference: {fileID: 0}
    - target: {fileID: 7863249116132300262, guid: 6453f94fff6948045b16846ba64f99d8,
        type: 3}
      propertyPath: m_LocalEulerAnglesHint.z
      value: 0
      objectReference: {fileID: 0}
    - target: {fileID: 7863249116132300262, guid: 6453f94fff6948045b16846ba64f99d8,
        type: 3}
      propertyPath: m_LocalScale.x
      value: 0.75
      objectReference: {fileID: 0}
    - target: {fileID: 7863249116132300262, guid: 6453f94fff6948045b16846ba64f99d8,
        type: 3}
      propertyPath: m_LocalScale.y
      value: 0.75
      objectReference: {fileID: 0}
    - target: {fileID: 532699660552161990, guid: 6453f94fff6948045b16846ba64f99d8,
        type: 3}
      propertyPath: m_Size.y
      value: 17
      objectReference: {fileID: 0}
    - target: {fileID: 532699660552161990, guid: 6453f94fff6948045b16846ba64f99d8,
        type: 3}
      propertyPath: m_Offset.y
      value: -0.5
      objectReference: {fileID: 0}
    - target: {fileID: 5169595825787781839, guid: 6453f94fff6948045b16846ba64f99d8,
        type: 3}
      propertyPath: m_SortingLayerID
      value: 569401205
      objectReference: {fileID: 0}
    - target: {fileID: 5169595825787781839, guid: 6453f94fff6948045b16846ba64f99d8,
        type: 3}
      propertyPath: m_SortingLayer
      value: 3
      objectReference: {fileID: 0}
    m_RemovedComponents: []
  m_SourcePrefab: {fileID: 100100000, guid: 6453f94fff6948045b16846ba64f99d8, type: 3}
--- !u!4 &4852554904970530367 stripped
Transform:
  m_CorrespondingSourceObject: {fileID: 7863249116132300262, guid: 6453f94fff6948045b16846ba64f99d8,
    type: 3}
  m_PrefabInstance: {fileID: 3335024998634052569}
  m_PrefabAsset: {fileID: 0}
--- !u!1001 &3335024999244312623
PrefabInstance:
  m_ObjectHideFlags: 0
  serializedVersion: 2
  m_Modification:
    m_TransformParent: {fileID: 3335024999665031439}
    m_Modifications:
    - target: {fileID: 1948763602016942, guid: b7bcd32e35c0042488771230e684fe13, type: 3}
      propertyPath: m_Name
      value: WoodenStructure_Large_4
      objectReference: {fileID: 0}
    - target: {fileID: 4751973774553076, guid: b7bcd32e35c0042488771230e684fe13, type: 3}
      propertyPath: m_LocalPosition.x
      value: -2.5935364
      objectReference: {fileID: 0}
    - target: {fileID: 4751973774553076, guid: b7bcd32e35c0042488771230e684fe13, type: 3}
      propertyPath: m_LocalPosition.y
      value: 2.0238137
      objectReference: {fileID: 0}
    - target: {fileID: 4751973774553076, guid: b7bcd32e35c0042488771230e684fe13, type: 3}
      propertyPath: m_LocalPosition.z
      value: 0
      objectReference: {fileID: 0}
    - target: {fileID: 4751973774553076, guid: b7bcd32e35c0042488771230e684fe13, type: 3}
      propertyPath: m_LocalRotation.x
      value: -0
      objectReference: {fileID: 0}
    - target: {fileID: 4751973774553076, guid: b7bcd32e35c0042488771230e684fe13, type: 3}
      propertyPath: m_LocalRotation.y
      value: -0
      objectReference: {fileID: 0}
    - target: {fileID: 4751973774553076, guid: b7bcd32e35c0042488771230e684fe13, type: 3}
      propertyPath: m_LocalRotation.z
      value: -0
      objectReference: {fileID: 0}
    - target: {fileID: 4751973774553076, guid: b7bcd32e35c0042488771230e684fe13, type: 3}
      propertyPath: m_LocalRotation.w
      value: 1
      objectReference: {fileID: 0}
    - target: {fileID: 4751973774553076, guid: b7bcd32e35c0042488771230e684fe13, type: 3}
      propertyPath: m_RootOrder
      value: 1
      objectReference: {fileID: 0}
    - target: {fileID: 4751973774553076, guid: b7bcd32e35c0042488771230e684fe13, type: 3}
      propertyPath: m_LocalEulerAnglesHint.x
      value: 0
      objectReference: {fileID: 0}
    - target: {fileID: 4751973774553076, guid: b7bcd32e35c0042488771230e684fe13, type: 3}
      propertyPath: m_LocalEulerAnglesHint.y
      value: 0
      objectReference: {fileID: 0}
    - target: {fileID: 4751973774553076, guid: b7bcd32e35c0042488771230e684fe13, type: 3}
      propertyPath: m_LocalEulerAnglesHint.z
      value: 0
      objectReference: {fileID: 0}
    - target: {fileID: 4751973774553076, guid: b7bcd32e35c0042488771230e684fe13, type: 3}
      propertyPath: m_LocalScale.x
      value: 4
      objectReference: {fileID: 0}
    - target: {fileID: 4751973774553076, guid: b7bcd32e35c0042488771230e684fe13, type: 3}
      propertyPath: m_LocalScale.y
      value: 4
      objectReference: {fileID: 0}
    - target: {fileID: 212612906738694074, guid: b7bcd32e35c0042488771230e684fe13,
        type: 3}
      propertyPath: m_SortingLayerID
      value: 569401205
      objectReference: {fileID: 0}
    - target: {fileID: 212612906738694074, guid: b7bcd32e35c0042488771230e684fe13,
        type: 3}
      propertyPath: m_SortingLayer
      value: 3
      objectReference: {fileID: 0}
    m_RemovedComponents: []
  m_SourcePrefab: {fileID: 100100000, guid: b7bcd32e35c0042488771230e684fe13, type: 3}
--- !u!4 &3339562559258845147 stripped
Transform:
  m_CorrespondingSourceObject: {fileID: 4751973774553076, guid: b7bcd32e35c0042488771230e684fe13,
    type: 3}
  m_PrefabInstance: {fileID: 3335024999244312623}
  m_PrefabAsset: {fileID: 0}
--- !u!1001 &3335025000125110480
PrefabInstance:
  m_ObjectHideFlags: 0
  serializedVersion: 2
  m_Modification:
    m_TransformParent: {fileID: 3335024999665031439}
    m_Modifications:
    - target: {fileID: 1333185387850282, guid: 0b42bee6142bf88409dba004dabf9dc3, type: 3}
      propertyPath: m_Name
      value: WoodenStructure_Large_2
      objectReference: {fileID: 0}
    - target: {fileID: 1333185387850282, guid: 0b42bee6142bf88409dba004dabf9dc3, type: 3}
      propertyPath: m_Layer
      value: 9
      objectReference: {fileID: 0}
    - target: {fileID: 4677601980508966, guid: 0b42bee6142bf88409dba004dabf9dc3, type: 3}
      propertyPath: m_LocalPosition.x
      value: 3.6164627
      objectReference: {fileID: 0}
    - target: {fileID: 4677601980508966, guid: 0b42bee6142bf88409dba004dabf9dc3, type: 3}
      propertyPath: m_LocalPosition.y
      value: 9.553814
      objectReference: {fileID: 0}
    - target: {fileID: 4677601980508966, guid: 0b42bee6142bf88409dba004dabf9dc3, type: 3}
      propertyPath: m_LocalPosition.z
      value: 0
      objectReference: {fileID: 0}
    - target: {fileID: 4677601980508966, guid: 0b42bee6142bf88409dba004dabf9dc3, type: 3}
      propertyPath: m_LocalRotation.x
      value: -0
      objectReference: {fileID: 0}
    - target: {fileID: 4677601980508966, guid: 0b42bee6142bf88409dba004dabf9dc3, type: 3}
      propertyPath: m_LocalRotation.y
      value: -0
      objectReference: {fileID: 0}
    - target: {fileID: 4677601980508966, guid: 0b42bee6142bf88409dba004dabf9dc3, type: 3}
      propertyPath: m_LocalRotation.z
      value: -0.7071068
      objectReference: {fileID: 0}
    - target: {fileID: 4677601980508966, guid: 0b42bee6142bf88409dba004dabf9dc3, type: 3}
      propertyPath: m_LocalRotation.w
      value: 0.7071068
      objectReference: {fileID: 0}
    - target: {fileID: 4677601980508966, guid: 0b42bee6142bf88409dba004dabf9dc3, type: 3}
      propertyPath: m_RootOrder
      value: 0
      objectReference: {fileID: 0}
    - target: {fileID: 4677601980508966, guid: 0b42bee6142bf88409dba004dabf9dc3, type: 3}
      propertyPath: m_LocalEulerAnglesHint.x
      value: 0
      objectReference: {fileID: 0}
    - target: {fileID: 4677601980508966, guid: 0b42bee6142bf88409dba004dabf9dc3, type: 3}
      propertyPath: m_LocalEulerAnglesHint.y
      value: 0
      objectReference: {fileID: 0}
    - target: {fileID: 4677601980508966, guid: 0b42bee6142bf88409dba004dabf9dc3, type: 3}
      propertyPath: m_LocalEulerAnglesHint.z
      value: -90
      objectReference: {fileID: 0}
    - target: {fileID: 4677601980508966, guid: 0b42bee6142bf88409dba004dabf9dc3, type: 3}
      propertyPath: m_LocalScale.x
      value: 3
      objectReference: {fileID: 0}
    - target: {fileID: 4677601980508966, guid: 0b42bee6142bf88409dba004dabf9dc3, type: 3}
      propertyPath: m_LocalScale.y
      value: 3
      objectReference: {fileID: 0}
    - target: {fileID: 212630400505874394, guid: 0b42bee6142bf88409dba004dabf9dc3,
        type: 3}
      propertyPath: m_SortingLayerID
      value: 569401205
      objectReference: {fileID: 0}
    - target: {fileID: 212630400505874394, guid: 0b42bee6142bf88409dba004dabf9dc3,
        type: 3}
      propertyPath: m_SortingLayer
      value: 3
      objectReference: {fileID: 0}
    - target: {fileID: 212630400505874394, guid: 0b42bee6142bf88409dba004dabf9dc3,
        type: 3}
      propertyPath: m_SortingOrder
      value: 1
      objectReference: {fileID: 0}
    m_RemovedComponents: []
  m_SourcePrefab: {fileID: 100100000, guid: 0b42bee6142bf88409dba004dabf9dc3, type: 3}
--- !u!1 &3336286714002371322 stripped
GameObject:
  m_CorrespondingSourceObject: {fileID: 1333185387850282, guid: 0b42bee6142bf88409dba004dabf9dc3,
    type: 3}
  m_PrefabInstance: {fileID: 3335025000125110480}
  m_PrefabAsset: {fileID: 0}
--- !u!4 &3339698195469169654 stripped
Transform:
  m_CorrespondingSourceObject: {fileID: 4677601980508966, guid: 0b42bee6142bf88409dba004dabf9dc3,
    type: 3}
  m_PrefabInstance: {fileID: 3335025000125110480}
  m_PrefabAsset: {fileID: 0}
