%YAML 1.1
%TAG !u! tag:unity3d.com,2011:
--- !u!1 &5444727906597974390
GameObject:
  m_ObjectHideFlags: 0
  m_CorrespondingSourceObject: {fileID: 0}
  m_PrefabInstance: {fileID: 0}
  m_PrefabAsset: {fileID: 0}
  serializedVersion: 6
  m_Component:
  - component: {fileID: 5444727906597974388}
  - component: {fileID: 5444727906597974391}
  - component: {fileID: 5444727906597974389}
  m_Layer: 9
  m_Name: Rotating Log (1)
  m_TagString: Untagged
  m_Icon: {fileID: 0}
  m_NavMeshLayer: 0
  m_StaticEditorFlags: 0
  m_IsActive: 1
--- !u!4 &5444727906597974388
Transform:
  m_ObjectHideFlags: 0
  m_CorrespondingSourceObject: {fileID: 0}
  m_PrefabInstance: {fileID: 0}
  m_PrefabAsset: {fileID: 0}
  m_GameObject: {fileID: 5444727906597974390}
  m_LocalRotation: {x: 0.10756744, y: 0.69887716, z: -0.69887716, w: 0.10756744}
  m_LocalPosition: {x: 2.864, y: 3.67, z: -0.686}
  m_LocalScale: {x: 0.67, y: 0.67, z: 0.66}
  m_Children:
  - {fileID: 6201846651859628129}
  m_Father: {fileID: 6201579614050597442}
  m_RootOrder: 3
  m_LocalEulerAnglesHint: {x: 0, y: 0, z: 0}
--- !u!212 &5444727906597974391
SpriteRenderer:
  m_ObjectHideFlags: 0
  m_CorrespondingSourceObject: {fileID: 0}
  m_PrefabInstance: {fileID: 0}
  m_PrefabAsset: {fileID: 0}
  m_GameObject: {fileID: 5444727906597974390}
  m_Enabled: 1
  m_CastShadows: 0
  m_ReceiveShadows: 0
  m_DynamicOccludee: 1
  m_MotionVectors: 1
  m_LightProbeUsage: 1
  m_ReflectionProbeUsage: 1
  m_RayTracingMode: 0
  m_RenderingLayerMask: 1
  m_RendererPriority: 0
  m_Materials:
  - {fileID: 2100000, guid: a97c105638bdf8b4a8650670310a4cd3, type: 2}
  m_StaticBatchInfo:
    firstSubMesh: 0
    subMeshCount: 0
  m_StaticBatchRoot: {fileID: 0}
  m_ProbeAnchor: {fileID: 0}
  m_LightProbeVolumeOverride: {fileID: 0}
  m_ScaleInLightmap: 1
  m_ReceiveGI: 1
  m_PreserveUVs: 0
  m_IgnoreNormalsForChartDetection: 0
  m_ImportantGI: 0
  m_StitchLightmapSeams: 1
  m_SelectedEditorRenderState: 0
  m_MinimumChartSize: 4
  m_AutoUVMaxDistance: 0.5
  m_AutoUVMaxAngle: 89
  m_LightmapParameters: {fileID: 0}
  m_SortingLayerID: 1155926471
  m_SortingLayer: 2
  m_SortingOrder: 0
  m_Sprite: {fileID: 21300000, guid: 2d3f2d5b150277440beb4ebe3508425e, type: 3}
  m_Color: {r: 1, g: 1, b: 1, a: 1}
  m_FlipX: 0
  m_FlipY: 0
  m_DrawMode: 0
  m_Size: {x: 4.43, y: 1.65}
  m_AdaptiveModeThreshold: 0.5
  m_SpriteTileMode: 0
  m_WasSpriteAssigned: 1
  m_MaskInteraction: 0
  m_SpriteSortPoint: 0
--- !u!61 &5444727906597974389
BoxCollider2D:
  m_ObjectHideFlags: 0
  m_CorrespondingSourceObject: {fileID: 0}
  m_PrefabInstance: {fileID: 0}
  m_PrefabAsset: {fileID: 0}
  m_GameObject: {fileID: 5444727906597974390}
  m_Enabled: 1
  m_Density: 1
  m_Material: {fileID: 0}
  m_IsTrigger: 0
  m_UsedByEffector: 0
  m_UsedByComposite: 0
  m_Offset: {x: -0.011072218, y: -0.09801689}
  m_SpriteTilingProperty:
    border: {x: 0, y: 0, z: 0, w: 0}
    pivot: {x: 0.5, y: 0.5}
    oldSize: {x: 4.43, y: 1.65}
    newSize: {x: 4.43, y: 1.65}
    adaptiveTilingThreshold: 0.5
    drawMode: 0
    adaptiveTiling: 0
  m_AutoTiling: 0
  serializedVersion: 2
  m_Size: {x: 4.0005293, y: 0.8919881}
  m_EdgeRadius: 0
--- !u!1 &6204534991323317042
GameObject:
  m_ObjectHideFlags: 0
  m_CorrespondingSourceObject: {fileID: 0}
  m_PrefabInstance: {fileID: 0}
  m_PrefabAsset: {fileID: 0}
  serializedVersion: 6
  m_Component:
  - component: {fileID: 6201579614050597442}
  - component: {fileID: 6227286724280638420}
  - component: {fileID: 6218694436803059510}
  - component: {fileID: 6205593969480094273}
  m_Layer: 0
  m_Name: 3 Attach Point Large Gear
  m_TagString: Untagged
  m_Icon: {fileID: 0}
  m_NavMeshLayer: 0
  m_StaticEditorFlags: 0
  m_IsActive: 1
--- !u!4 &6201579614050597442
Transform:
  m_ObjectHideFlags: 0
  m_CorrespondingSourceObject: {fileID: 0}
  m_PrefabInstance: {fileID: 0}
  m_PrefabAsset: {fileID: 0}
  m_GameObject: {fileID: 6204534991323317042}
  m_LocalRotation: {x: -0.10756744, y: -0.69887716, z: 0.69887716, w: 0.10756744}
  m_LocalPosition: {x: 515.46, y: 343.85968, z: 5.5}
  m_LocalScale: {x: 1.5, y: 1.5, z: 1.5}
  m_Children:
  - {fileID: 6201387948174568204}
  - {fileID: 6201387948179819038}
  - {fileID: 6201387948116023187}
  - {fileID: 5444727906597974388}
  - {fileID: 6205593969419424992}
  - {fileID: 6205593968790792738}
  m_Father: {fileID: 0}
  m_RootOrder: 0
  m_LocalEulerAnglesHint: {x: 72.5, y: -90, z: 90}
--- !u!33 &6227286724280638420
MeshFilter:
  m_ObjectHideFlags: 0
  m_CorrespondingSourceObject: {fileID: 0}
  m_PrefabInstance: {fileID: 0}
  m_PrefabAsset: {fileID: 0}
  m_GameObject: {fileID: 6204534991323317042}
  m_Mesh: {fileID: 4300000, guid: 6c3df3038832d30429025aff61ff36d0, type: 3}
--- !u!23 &6218694436803059510
MeshRenderer:
  m_ObjectHideFlags: 0
  m_CorrespondingSourceObject: {fileID: 0}
  m_PrefabInstance: {fileID: 0}
  m_PrefabAsset: {fileID: 0}
  m_GameObject: {fileID: 6204534991323317042}
  m_Enabled: 1
  m_CastShadows: 1
  m_ReceiveShadows: 1
  m_DynamicOccludee: 1
  m_MotionVectors: 1
  m_LightProbeUsage: 1
  m_ReflectionProbeUsage: 1
  m_RayTracingMode: 2
  m_RenderingLayerMask: 4294967295
  m_RendererPriority: 0
  m_Materials:
  - {fileID: 2100000, guid: d3691ad55e79dc343a4d2303511656b2, type: 2}
  m_StaticBatchInfo:
    firstSubMesh: 0
    subMeshCount: 0
  m_StaticBatchRoot: {fileID: 0}
  m_ProbeAnchor: {fileID: 0}
  m_LightProbeVolumeOverride: {fileID: 0}
  m_ScaleInLightmap: 1
  m_ReceiveGI: 1
  m_PreserveUVs: 0
  m_IgnoreNormalsForChartDetection: 0
  m_ImportantGI: 0
  m_StitchLightmapSeams: 0
  m_SelectedEditorRenderState: 3
  m_MinimumChartSize: 4
  m_AutoUVMaxDistance: 0.5
  m_AutoUVMaxAngle: 89
  m_LightmapParameters: {fileID: 0}
  m_SortingLayerID: 0
  m_SortingLayer: 0
  m_SortingOrder: 0
--- !u!114 &6205593969480094273
MonoBehaviour:
  m_ObjectHideFlags: 0
  m_CorrespondingSourceObject: {fileID: 0}
  m_PrefabInstance: {fileID: 0}
  m_PrefabAsset: {fileID: 0}
  m_GameObject: {fileID: 6204534991323317042}
  m_Enabled: 1
  m_EditorHideFlags: 0
  m_Script: {fileID: 11500000, guid: 91ef652a7326a6f47aaef63f98350346, type: 3}
  m_Name: 
  m_EditorClassIdentifier: 
  _active: 0
  _axis: 0
  _degreesPerSecond: -25
  _accelerationOnActivation: 0
  _secondsToReachMaxRotationSpeed: 0
  _deaccelerationOnDeactivation: 0
  _secondsToFullyStopRotating: 0
  _initialRotation: {x: 72.5, y: -90, z: 90}
--- !u!1 &6205593968790792739
GameObject:
  m_ObjectHideFlags: 0
  m_CorrespondingSourceObject: {fileID: 0}
  m_PrefabInstance: {fileID: 0}
  m_PrefabAsset: {fileID: 0}
  serializedVersion: 6
  m_Component:
  - component: {fileID: 6205593968790792738}
  - component: {fileID: 6205593968790792736}
  - component: {fileID: 6205593968790792737}
  m_Layer: 9
  m_Name: Rotating Log (3)
  m_TagString: Untagged
  m_Icon: {fileID: 0}
  m_NavMeshLayer: 0
  m_StaticEditorFlags: 0
  m_IsActive: 1
--- !u!4 &6205593968790792738
Transform:
  m_ObjectHideFlags: 0
  m_CorrespondingSourceObject: {fileID: 0}
  m_PrefabInstance: {fileID: 0}
  m_PrefabAsset: {fileID: 0}
  m_GameObject: {fileID: 6205593968790792739}
  m_LocalRotation: {x: 0.10756744, y: 0.69887716, z: -0.69887716, w: 0.10756744}
  m_LocalPosition: {x: -0.99, y: 3.67, z: 2.83}
  m_LocalScale: {x: 0.67, y: 0.67, z: 0.66}
  m_Children:
  - {fileID: 6201846652354643424}
  m_Father: {fileID: 6201579614050597442}
  m_RootOrder: 5
  m_LocalEulerAnglesHint: {x: 0, y: 0, z: 0}
--- !u!212 &6205593968790792736
SpriteRenderer:
  m_ObjectHideFlags: 0
  m_CorrespondingSourceObject: {fileID: 0}
  m_PrefabInstance: {fileID: 0}
  m_PrefabAsset: {fileID: 0}
  m_GameObject: {fileID: 6205593968790792739}
  m_Enabled: 1
  m_CastShadows: 0
  m_ReceiveShadows: 0
  m_DynamicOccludee: 1
  m_MotionVectors: 1
  m_LightProbeUsage: 1
  m_ReflectionProbeUsage: 1
  m_RayTracingMode: 0
  m_RenderingLayerMask: 1
  m_RendererPriority: 0
  m_Materials:
  - {fileID: 2100000, guid: a97c105638bdf8b4a8650670310a4cd3, type: 2}
  m_StaticBatchInfo:
    firstSubMesh: 0
    subMeshCount: 0
  m_StaticBatchRoot: {fileID: 0}
  m_ProbeAnchor: {fileID: 0}
  m_LightProbeVolumeOverride: {fileID: 0}
  m_ScaleInLightmap: 1
  m_ReceiveGI: 1
  m_PreserveUVs: 0
  m_IgnoreNormalsForChartDetection: 0
  m_ImportantGI: 0
  m_StitchLightmapSeams: 1
  m_SelectedEditorRenderState: 0
  m_MinimumChartSize: 4
  m_AutoUVMaxDistance: 0.5
  m_AutoUVMaxAngle: 89
  m_LightmapParameters: {fileID: 0}
  m_SortingLayerID: 1155926471
  m_SortingLayer: 2
  m_SortingOrder: 0
  m_Sprite: {fileID: 21300000, guid: 2d3f2d5b150277440beb4ebe3508425e, type: 3}
  m_Color: {r: 1, g: 1, b: 1, a: 1}
  m_FlipX: 0
  m_FlipY: 0
  m_DrawMode: 0
  m_Size: {x: 4.43, y: 1.65}
  m_AdaptiveModeThreshold: 0.5
  m_SpriteTileMode: 0
  m_WasSpriteAssigned: 1
  m_MaskInteraction: 0
  m_SpriteSortPoint: 0
--- !u!61 &6205593968790792737
BoxCollider2D:
  m_ObjectHideFlags: 0
  m_CorrespondingSourceObject: {fileID: 0}
  m_PrefabInstance: {fileID: 0}
  m_PrefabAsset: {fileID: 0}
  m_GameObject: {fileID: 6205593968790792739}
  m_Enabled: 1
  m_Density: 1
  m_Material: {fileID: 0}
  m_IsTrigger: 0
  m_UsedByEffector: 0
  m_UsedByComposite: 0
  m_Offset: {x: -0.011072218, y: -0.09801689}
  m_SpriteTilingProperty:
    border: {x: 0, y: 0, z: 0, w: 0}
    pivot: {x: 0.5, y: 0.5}
    oldSize: {x: 4.43, y: 1.65}
    newSize: {x: 4.43, y: 1.65}
    adaptiveTilingThreshold: 0.5
    drawMode: 0
    adaptiveTiling: 0
  m_AutoTiling: 0
  serializedVersion: 2
  m_Size: {x: 4.0005293, y: 0.8919881}
  m_EdgeRadius: 0
--- !u!1 &6205593969419424993
GameObject:
  m_ObjectHideFlags: 0
  m_CorrespondingSourceObject: {fileID: 0}
  m_PrefabInstance: {fileID: 0}
  m_PrefabAsset: {fileID: 0}
  serializedVersion: 6
  m_Component:
  - component: {fileID: 6205593969419424992}
  - component: {fileID: 6205593969419425006}
  - component: {fileID: 6205593969419425007}
  m_Layer: 9
  m_Name: Rotating Log (2)
  m_TagString: Untagged
  m_Icon: {fileID: 0}
  m_NavMeshLayer: 0
  m_StaticEditorFlags: 0
  m_IsActive: 1
--- !u!4 &6205593969419424992
Transform:
  m_ObjectHideFlags: 0
  m_CorrespondingSourceObject: {fileID: 0}
  m_PrefabInstance: {fileID: 0}
  m_PrefabAsset: {fileID: 0}
  m_GameObject: {fileID: 6205593969419424993}
  m_LocalRotation: {x: 0.10756744, y: 0.69887716, z: -0.69887716, w: 0.10756744}
  m_LocalPosition: {x: -1.98, y: 3.67, z: -2.22}
  m_LocalScale: {x: 0.67, y: 0.67, z: 0.66}
  m_Children:
  - {fileID: 6201846651839180540}
  m_Father: {fileID: 6201579614050597442}
  m_RootOrder: 4
  m_LocalEulerAnglesHint: {x: 0, y: 0, z: 0}
--- !u!212 &6205593969419425006
SpriteRenderer:
  m_ObjectHideFlags: 0
  m_CorrespondingSourceObject: {fileID: 0}
  m_PrefabInstance: {fileID: 0}
  m_PrefabAsset: {fileID: 0}
  m_GameObject: {fileID: 6205593969419424993}
  m_Enabled: 1
  m_CastShadows: 0
  m_ReceiveShadows: 0
  m_DynamicOccludee: 1
  m_MotionVectors: 1
  m_LightProbeUsage: 1
  m_ReflectionProbeUsage: 1
  m_RayTracingMode: 0
  m_RenderingLayerMask: 1
  m_RendererPriority: 0
  m_Materials:
  - {fileID: 2100000, guid: a97c105638bdf8b4a8650670310a4cd3, type: 2}
  m_StaticBatchInfo:
    firstSubMesh: 0
    subMeshCount: 0
  m_StaticBatchRoot: {fileID: 0}
  m_ProbeAnchor: {fileID: 0}
  m_LightProbeVolumeOverride: {fileID: 0}
  m_ScaleInLightmap: 1
  m_ReceiveGI: 1
  m_PreserveUVs: 0
  m_IgnoreNormalsForChartDetection: 0
  m_ImportantGI: 0
  m_StitchLightmapSeams: 1
  m_SelectedEditorRenderState: 0
  m_MinimumChartSize: 4
  m_AutoUVMaxDistance: 0.5
  m_AutoUVMaxAngle: 89
  m_LightmapParameters: {fileID: 0}
  m_SortingLayerID: 1155926471
  m_SortingLayer: 2
  m_SortingOrder: 0
  m_Sprite: {fileID: 21300000, guid: 2d3f2d5b150277440beb4ebe3508425e, type: 3}
  m_Color: {r: 1, g: 1, b: 1, a: 1}
  m_FlipX: 0
  m_FlipY: 0
  m_DrawMode: 0
  m_Size: {x: 4.43, y: 1.65}
  m_AdaptiveModeThreshold: 0.5
  m_SpriteTileMode: 0
  m_WasSpriteAssigned: 1
  m_MaskInteraction: 0
  m_SpriteSortPoint: 0
--- !u!61 &6205593969419425007
BoxCollider2D:
  m_ObjectHideFlags: 0
  m_CorrespondingSourceObject: {fileID: 0}
  m_PrefabInstance: {fileID: 0}
  m_PrefabAsset: {fileID: 0}
  m_GameObject: {fileID: 6205593969419424993}
  m_Enabled: 1
  m_Density: 1
  m_Material: {fileID: 0}
  m_IsTrigger: 0
  m_UsedByEffector: 0
  m_UsedByComposite: 0
  m_Offset: {x: -0.011072218, y: -0.09801689}
  m_SpriteTilingProperty:
    border: {x: 0, y: 0, z: 0, w: 0}
    pivot: {x: 0.5, y: 0.5}
    oldSize: {x: 4.43, y: 1.65}
    newSize: {x: 4.43, y: 1.65}
    adaptiveTilingThreshold: 0.5
    drawMode: 0
    adaptiveTiling: 0
  m_AutoTiling: 0
  serializedVersion: 2
  m_Size: {x: 4.0005293, y: 0.8919881}
  m_EdgeRadius: 0
--- !u!1001 &6205593969124353644
PrefabInstance:
  m_ObjectHideFlags: 0
  serializedVersion: 2
  m_Modification:
    m_TransformParent: {fileID: 6205593968790792738}
    m_Modifications:
    - target: {fileID: 1393269366725454, guid: 2ca6034c4d5b0774f8744700b5c4abed, type: 3}
      propertyPath: m_Name
      value: Pero
      objectReference: {fileID: 0}
    - target: {fileID: 1393269366725454, guid: 2ca6034c4d5b0774f8744700b5c4abed, type: 3}
      propertyPath: m_StaticEditorFlags
      value: 0
      objectReference: {fileID: 0}
    - target: {fileID: 4451364184646540, guid: 2ca6034c4d5b0774f8744700b5c4abed, type: 3}
      propertyPath: m_LocalPosition.x
      value: -0.059265155
      objectReference: {fileID: 0}
    - target: {fileID: 4451364184646540, guid: 2ca6034c4d5b0774f8744700b5c4abed, type: 3}
      propertyPath: m_LocalPosition.y
      value: 0.033722166
      objectReference: {fileID: 0}
    - target: {fileID: 4451364184646540, guid: 2ca6034c4d5b0774f8744700b5c4abed, type: 3}
      propertyPath: m_LocalPosition.z
      value: 1.2600007
      objectReference: {fileID: 0}
    - target: {fileID: 4451364184646540, guid: 2ca6034c4d5b0774f8744700b5c4abed, type: 3}
      propertyPath: m_LocalRotation.x
      value: -0
      objectReference: {fileID: 0}
    - target: {fileID: 4451364184646540, guid: 2ca6034c4d5b0774f8744700b5c4abed, type: 3}
      propertyPath: m_LocalRotation.y
      value: -0
      objectReference: {fileID: 0}
    - target: {fileID: 4451364184646540, guid: 2ca6034c4d5b0774f8744700b5c4abed, type: 3}
      propertyPath: m_LocalRotation.z
      value: -0
      objectReference: {fileID: 0}
    - target: {fileID: 4451364184646540, guid: 2ca6034c4d5b0774f8744700b5c4abed, type: 3}
      propertyPath: m_LocalRotation.w
      value: 1
      objectReference: {fileID: 0}
    - target: {fileID: 4451364184646540, guid: 2ca6034c4d5b0774f8744700b5c4abed, type: 3}
      propertyPath: m_RootOrder
      value: 0
      objectReference: {fileID: 0}
    - target: {fileID: 4451364184646540, guid: 2ca6034c4d5b0774f8744700b5c4abed, type: 3}
      propertyPath: m_LocalEulerAnglesHint.x
      value: 0
      objectReference: {fileID: 0}
    - target: {fileID: 4451364184646540, guid: 2ca6034c4d5b0774f8744700b5c4abed, type: 3}
      propertyPath: m_LocalEulerAnglesHint.y
      value: 0
      objectReference: {fileID: 0}
    - target: {fileID: 4451364184646540, guid: 2ca6034c4d5b0774f8744700b5c4abed, type: 3}
      propertyPath: m_LocalEulerAnglesHint.z
      value: 0
      objectReference: {fileID: 0}
    - target: {fileID: 4451364184646540, guid: 2ca6034c4d5b0774f8744700b5c4abed, type: 3}
      propertyPath: m_LocalScale.x
      value: 1
      objectReference: {fileID: 0}
    - target: {fileID: 4451364184646540, guid: 2ca6034c4d5b0774f8744700b5c4abed, type: 3}
      propertyPath: m_LocalScale.y
      value: 1
      objectReference: {fileID: 0}
    - target: {fileID: 4451364184646540, guid: 2ca6034c4d5b0774f8744700b5c4abed, type: 3}
      propertyPath: m_LocalScale.z
      value: 2
      objectReference: {fileID: 0}
    m_RemovedComponents: []
  m_SourcePrefab: {fileID: 100100000, guid: 2ca6034c4d5b0774f8744700b5c4abed, type: 3}
--- !u!4 &6201846652354643424 stripped
Transform:
  m_CorrespondingSourceObject: {fileID: 4451364184646540, guid: 2ca6034c4d5b0774f8744700b5c4abed,
    type: 3}
  m_PrefabInstance: {fileID: 6205593969124353644}
  m_PrefabAsset: {fileID: 0}
--- !u!1001 &6205593969295438910
PrefabInstance:
  m_ObjectHideFlags: 0
  serializedVersion: 2
  m_Modification:
    m_TransformParent: {fileID: 6201387948174568204}
    m_Modifications:
    - target: {fileID: 1581791906130618, guid: ded0bd266a467194da9c330882596724, type: 3}
      propertyPath: m_Name
      value: Ball_Bearing
      objectReference: {fileID: 0}
    - target: {fileID: 1581791906130618, guid: ded0bd266a467194da9c330882596724, type: 3}
      propertyPath: m_StaticEditorFlags
      value: 0
      objectReference: {fileID: 0}
    - target: {fileID: 4951314974144606, guid: ded0bd266a467194da9c330882596724, type: 3}
      propertyPath: m_LocalPosition.x
      value: 0.04
      objectReference: {fileID: 0}
    - target: {fileID: 4951314974144606, guid: ded0bd266a467194da9c330882596724, type: 3}
      propertyPath: m_LocalPosition.y
      value: -0.24
      objectReference: {fileID: 0}
    - target: {fileID: 4951314974144606, guid: ded0bd266a467194da9c330882596724, type: 3}
      propertyPath: m_LocalPosition.z
      value: 0.02
      objectReference: {fileID: 0}
    - target: {fileID: 4951314974144606, guid: ded0bd266a467194da9c330882596724, type: 3}
      propertyPath: m_LocalRotation.x
      value: -0
      objectReference: {fileID: 0}
    - target: {fileID: 4951314974144606, guid: ded0bd266a467194da9c330882596724, type: 3}
      propertyPath: m_LocalRotation.y
      value: -0
      objectReference: {fileID: 0}
    - target: {fileID: 4951314974144606, guid: ded0bd266a467194da9c330882596724, type: 3}
      propertyPath: m_LocalRotation.z
      value: -0
      objectReference: {fileID: 0}
    - target: {fileID: 4951314974144606, guid: ded0bd266a467194da9c330882596724, type: 3}
      propertyPath: m_LocalRotation.w
      value: 1
      objectReference: {fileID: 0}
    - target: {fileID: 4951314974144606, guid: ded0bd266a467194da9c330882596724, type: 3}
      propertyPath: m_RootOrder
      value: 0
      objectReference: {fileID: 0}
    - target: {fileID: 4951314974144606, guid: ded0bd266a467194da9c330882596724, type: 3}
      propertyPath: m_LocalEulerAnglesHint.x
      value: 90
      objectReference: {fileID: 0}
    - target: {fileID: 4951314974144606, guid: ded0bd266a467194da9c330882596724, type: 3}
      propertyPath: m_LocalEulerAnglesHint.y
      value: 0
      objectReference: {fileID: 0}
    - target: {fileID: 4951314974144606, guid: ded0bd266a467194da9c330882596724, type: 3}
      propertyPath: m_LocalEulerAnglesHint.z
      value: 0
      objectReference: {fileID: 0}
    - target: {fileID: 4951314974144606, guid: ded0bd266a467194da9c330882596724, type: 3}
      propertyPath: m_LocalScale.x
      value: 1.5
      objectReference: {fileID: 0}
    - target: {fileID: 4951314974144606, guid: ded0bd266a467194da9c330882596724, type: 3}
      propertyPath: m_LocalScale.y
      value: 1.5000001
      objectReference: {fileID: 0}
    - target: {fileID: 4951314974144606, guid: ded0bd266a467194da9c330882596724, type: 3}
      propertyPath: m_LocalScale.z
      value: 1.5000001
      objectReference: {fileID: 0}
    m_RemovedComponents: []
  m_SourcePrefab: {fileID: 100100000, guid: ded0bd266a467194da9c330882596724, type: 3}
--- !u!1001 &6205593969673112944
PrefabInstance:
  m_ObjectHideFlags: 0
  serializedVersion: 2
  m_Modification:
    m_TransformParent: {fileID: 6205593969419424992}
    m_Modifications:
    - target: {fileID: 1393269366725454, guid: 2ca6034c4d5b0774f8744700b5c4abed, type: 3}
      propertyPath: m_Name
      value: Pero
      objectReference: {fileID: 0}
    - target: {fileID: 1393269366725454, guid: 2ca6034c4d5b0774f8744700b5c4abed, type: 3}
      propertyPath: m_StaticEditorFlags
      value: 0
      objectReference: {fileID: 0}
    - target: {fileID: 4451364184646540, guid: 2ca6034c4d5b0774f8744700b5c4abed, type: 3}
      propertyPath: m_LocalPosition.x
      value: -0.059265155
      objectReference: {fileID: 0}
    - target: {fileID: 4451364184646540, guid: 2ca6034c4d5b0774f8744700b5c4abed, type: 3}
      propertyPath: m_LocalPosition.y
      value: 0.033722166
      objectReference: {fileID: 0}
    - target: {fileID: 4451364184646540, guid: 2ca6034c4d5b0774f8744700b5c4abed, type: 3}
      propertyPath: m_LocalPosition.z
      value: 1.2600007
      objectReference: {fileID: 0}
    - target: {fileID: 4451364184646540, guid: 2ca6034c4d5b0774f8744700b5c4abed, type: 3}
      propertyPath: m_LocalRotation.x
      value: -0
      objectReference: {fileID: 0}
    - target: {fileID: 4451364184646540, guid: 2ca6034c4d5b0774f8744700b5c4abed, type: 3}
      propertyPath: m_LocalRotation.y
      value: -0
      objectReference: {fileID: 0}
    - target: {fileID: 4451364184646540, guid: 2ca6034c4d5b0774f8744700b5c4abed, type: 3}
      propertyPath: m_LocalRotation.z
      value: -0
      objectReference: {fileID: 0}
    - target: {fileID: 4451364184646540, guid: 2ca6034c4d5b0774f8744700b5c4abed, type: 3}
      propertyPath: m_LocalRotation.w
      value: 1
      objectReference: {fileID: 0}
    - target: {fileID: 4451364184646540, guid: 2ca6034c4d5b0774f8744700b5c4abed, type: 3}
      propertyPath: m_RootOrder
      value: 0
      objectReference: {fileID: 0}
    - target: {fileID: 4451364184646540, guid: 2ca6034c4d5b0774f8744700b5c4abed, type: 3}
      propertyPath: m_LocalEulerAnglesHint.x
      value: 0
      objectReference: {fileID: 0}
    - target: {fileID: 4451364184646540, guid: 2ca6034c4d5b0774f8744700b5c4abed, type: 3}
      propertyPath: m_LocalEulerAnglesHint.y
      value: 0
      objectReference: {fileID: 0}
    - target: {fileID: 4451364184646540, guid: 2ca6034c4d5b0774f8744700b5c4abed, type: 3}
      propertyPath: m_LocalEulerAnglesHint.z
      value: 0
      objectReference: {fileID: 0}
    - target: {fileID: 4451364184646540, guid: 2ca6034c4d5b0774f8744700b5c4abed, type: 3}
      propertyPath: m_LocalScale.x
      value: 1
      objectReference: {fileID: 0}
    - target: {fileID: 4451364184646540, guid: 2ca6034c4d5b0774f8744700b5c4abed, type: 3}
      propertyPath: m_LocalScale.y
      value: 1
      objectReference: {fileID: 0}
    - target: {fileID: 4451364184646540, guid: 2ca6034c4d5b0774f8744700b5c4abed, type: 3}
      propertyPath: m_LocalScale.z
      value: 2
      objectReference: {fileID: 0}
    m_RemovedComponents: []
  m_SourcePrefab: {fileID: 100100000, guid: 2ca6034c4d5b0774f8744700b5c4abed, type: 3}
--- !u!4 &6201846651839180540 stripped
Transform:
  m_CorrespondingSourceObject: {fileID: 4451364184646540, guid: 2ca6034c4d5b0774f8744700b5c4abed,
    type: 3}
  m_PrefabInstance: {fileID: 6205593969673112944}
  m_PrefabAsset: {fileID: 0}
--- !u!1001 &6205593969686221805
PrefabInstance:
  m_ObjectHideFlags: 0
  serializedVersion: 2
  m_Modification:
    m_TransformParent: {fileID: 5444727906597974388}
    m_Modifications:
    - target: {fileID: 1393269366725454, guid: 2ca6034c4d5b0774f8744700b5c4abed, type: 3}
      propertyPath: m_Name
      value: Pero
      objectReference: {fileID: 0}
    - target: {fileID: 1393269366725454, guid: 2ca6034c4d5b0774f8744700b5c4abed, type: 3}
      propertyPath: m_StaticEditorFlags
      value: 0
      objectReference: {fileID: 0}
    - target: {fileID: 4451364184646540, guid: 2ca6034c4d5b0774f8744700b5c4abed, type: 3}
      propertyPath: m_LocalPosition.x
      value: -0.059265155
      objectReference: {fileID: 0}
    - target: {fileID: 4451364184646540, guid: 2ca6034c4d5b0774f8744700b5c4abed, type: 3}
      propertyPath: m_LocalPosition.y
      value: 0.033722166
      objectReference: {fileID: 0}
    - target: {fileID: 4451364184646540, guid: 2ca6034c4d5b0774f8744700b5c4abed, type: 3}
      propertyPath: m_LocalPosition.z
      value: 1.2600007
      objectReference: {fileID: 0}
    - target: {fileID: 4451364184646540, guid: 2ca6034c4d5b0774f8744700b5c4abed, type: 3}
      propertyPath: m_LocalRotation.x
      value: -0
      objectReference: {fileID: 0}
    - target: {fileID: 4451364184646540, guid: 2ca6034c4d5b0774f8744700b5c4abed, type: 3}
      propertyPath: m_LocalRotation.y
      value: -0
      objectReference: {fileID: 0}
    - target: {fileID: 4451364184646540, guid: 2ca6034c4d5b0774f8744700b5c4abed, type: 3}
      propertyPath: m_LocalRotation.z
      value: -0
      objectReference: {fileID: 0}
    - target: {fileID: 4451364184646540, guid: 2ca6034c4d5b0774f8744700b5c4abed, type: 3}
      propertyPath: m_LocalRotation.w
      value: 1
      objectReference: {fileID: 0}
    - target: {fileID: 4451364184646540, guid: 2ca6034c4d5b0774f8744700b5c4abed, type: 3}
      propertyPath: m_RootOrder
      value: 0
      objectReference: {fileID: 0}
    - target: {fileID: 4451364184646540, guid: 2ca6034c4d5b0774f8744700b5c4abed, type: 3}
      propertyPath: m_LocalEulerAnglesHint.x
      value: 0
      objectReference: {fileID: 0}
    - target: {fileID: 4451364184646540, guid: 2ca6034c4d5b0774f8744700b5c4abed, type: 3}
      propertyPath: m_LocalEulerAnglesHint.y
      value: 0
      objectReference: {fileID: 0}
    - target: {fileID: 4451364184646540, guid: 2ca6034c4d5b0774f8744700b5c4abed, type: 3}
      propertyPath: m_LocalEulerAnglesHint.z
      value: 0
      objectReference: {fileID: 0}
    - target: {fileID: 4451364184646540, guid: 2ca6034c4d5b0774f8744700b5c4abed, type: 3}
      propertyPath: m_LocalScale.x
      value: 1
      objectReference: {fileID: 0}
    - target: {fileID: 4451364184646540, guid: 2ca6034c4d5b0774f8744700b5c4abed, type: 3}
      propertyPath: m_LocalScale.y
      value: 1
      objectReference: {fileID: 0}
    - target: {fileID: 4451364184646540, guid: 2ca6034c4d5b0774f8744700b5c4abed, type: 3}
      propertyPath: m_LocalScale.z
      value: 2
      objectReference: {fileID: 0}
    m_RemovedComponents: []
  m_SourcePrefab: {fileID: 100100000, guid: 2ca6034c4d5b0774f8744700b5c4abed, type: 3}
--- !u!4 &6201846651859628129 stripped
Transform:
  m_CorrespondingSourceObject: {fileID: 4451364184646540, guid: 2ca6034c4d5b0774f8744700b5c4abed,
    type: 3}
  m_PrefabInstance: {fileID: 6205593969686221805}
  m_PrefabAsset: {fileID: 0}
--- !u!1001 &6205593969835123312
PrefabInstance:
  m_ObjectHideFlags: 0
  serializedVersion: 2
  m_Modification:
    m_TransformParent: {fileID: 6201579614050597442}
    m_Modifications:
    - target: {fileID: 1292181010229262, guid: f00345ef36797f84db8e38dfae81593d, type: 3}
      propertyPath: m_Name
      value: Attach Point #1
      objectReference: {fileID: 0}
    - target: {fileID: 1292181010229262, guid: f00345ef36797f84db8e38dfae81593d, type: 3}
      propertyPath: m_StaticEditorFlags
      value: 0
      objectReference: {fileID: 0}
    - target: {fileID: 4912264775813500, guid: f00345ef36797f84db8e38dfae81593d, type: 3}
      propertyPath: m_LocalPosition.x
      value: 2.880995
      objectReference: {fileID: 0}
    - target: {fileID: 4912264775813500, guid: f00345ef36797f84db8e38dfae81593d, type: 3}
      propertyPath: m_LocalPosition.y
      value: 0.06999976
      objectReference: {fileID: 0}
    - target: {fileID: 4912264775813500, guid: f00345ef36797f84db8e38dfae81593d, type: 3}
      propertyPath: m_LocalPosition.z
      value: -0.66630054
      objectReference: {fileID: 0}
    - target: {fileID: 4912264775813500, guid: f00345ef36797f84db8e38dfae81593d, type: 3}
      propertyPath: m_LocalRotation.x
      value: 1
      objectReference: {fileID: 0}
    - target: {fileID: 4912264775813500, guid: f00345ef36797f84db8e38dfae81593d, type: 3}
      propertyPath: m_LocalRotation.y
      value: -0
      objectReference: {fileID: 0}
    - target: {fileID: 4912264775813500, guid: f00345ef36797f84db8e38dfae81593d, type: 3}
      propertyPath: m_LocalRotation.z
      value: -0
      objectReference: {fileID: 0}
    - target: {fileID: 4912264775813500, guid: f00345ef36797f84db8e38dfae81593d, type: 3}
      propertyPath: m_LocalRotation.w
      value: 0
      objectReference: {fileID: 0}
    - target: {fileID: 4912264775813500, guid: f00345ef36797f84db8e38dfae81593d, type: 3}
      propertyPath: m_RootOrder
      value: 0
      objectReference: {fileID: 0}
    - target: {fileID: 4912264775813500, guid: f00345ef36797f84db8e38dfae81593d, type: 3}
      propertyPath: m_LocalEulerAnglesHint.x
      value: 90
      objectReference: {fileID: 0}
    - target: {fileID: 4912264775813500, guid: f00345ef36797f84db8e38dfae81593d, type: 3}
      propertyPath: m_LocalEulerAnglesHint.y
      value: 0
      objectReference: {fileID: 0}
    - target: {fileID: 4912264775813500, guid: f00345ef36797f84db8e38dfae81593d, type: 3}
      propertyPath: m_LocalEulerAnglesHint.z
      value: 0
      objectReference: {fileID: 0}
    - target: {fileID: 4912264775813500, guid: f00345ef36797f84db8e38dfae81593d, type: 3}
      propertyPath: m_LocalScale.x
      value: 1.1111112
      objectReference: {fileID: 0}
    - target: {fileID: 4912264775813500, guid: f00345ef36797f84db8e38dfae81593d, type: 3}
      propertyPath: m_LocalScale.y
      value: 1.1111112
      objectReference: {fileID: 0}
    - target: {fileID: 4912264775813500, guid: f00345ef36797f84db8e38dfae81593d, type: 3}
      propertyPath: m_LocalScale.z
      value: 1.1111112
      objectReference: {fileID: 0}
    m_RemovedComponents: []
  m_SourcePrefab: {fileID: 100100000, guid: f00345ef36797f84db8e38dfae81593d, type: 3}
--- !u!4 &6201387948174568204 stripped
Transform:
  m_CorrespondingSourceObject: {fileID: 4912264775813500, guid: f00345ef36797f84db8e38dfae81593d,
    type: 3}
  m_PrefabInstance: {fileID: 6205593969835123312}
  m_PrefabAsset: {fileID: 0}
--- !u!1001 &6205593969840407394
PrefabInstance:
  m_ObjectHideFlags: 0
  serializedVersion: 2
  m_Modification:
    m_TransformParent: {fileID: 6201579614050597442}
    m_Modifications:
    - target: {fileID: 1292181010229262, guid: f00345ef36797f84db8e38dfae81593d, type: 3}
      propertyPath: m_Name
      value: Attach Point #2
      objectReference: {fileID: 0}
    - target: {fileID: 1292181010229262, guid: f00345ef36797f84db8e38dfae81593d, type: 3}
      propertyPath: m_StaticEditorFlags
      value: 0
      objectReference: {fileID: 0}
    - target: {fileID: 4912264775813500, guid: f00345ef36797f84db8e38dfae81593d, type: 3}
      propertyPath: m_LocalPosition.x
      value: -1.9723172
      objectReference: {fileID: 0}
    - target: {fileID: 4912264775813500, guid: f00345ef36797f84db8e38dfae81593d, type: 3}
      propertyPath: m_LocalPosition.y
      value: 0.06999996
      objectReference: {fileID: 0}
    - target: {fileID: 4912264775813500, guid: f00345ef36797f84db8e38dfae81593d, type: 3}
      propertyPath: m_LocalPosition.z
      value: -2.3018734
      objectReference: {fileID: 0}
    - target: {fileID: 4912264775813500, guid: f00345ef36797f84db8e38dfae81593d, type: 3}
      propertyPath: m_LocalRotation.x
      value: 1
      objectReference: {fileID: 0}
    - target: {fileID: 4912264775813500, guid: f00345ef36797f84db8e38dfae81593d, type: 3}
      propertyPath: m_LocalRotation.y
      value: -0
      objectReference: {fileID: 0}
    - target: {fileID: 4912264775813500, guid: f00345ef36797f84db8e38dfae81593d, type: 3}
      propertyPath: m_LocalRotation.z
      value: -0
      objectReference: {fileID: 0}
    - target: {fileID: 4912264775813500, guid: f00345ef36797f84db8e38dfae81593d, type: 3}
      propertyPath: m_LocalRotation.w
      value: 0
      objectReference: {fileID: 0}
    - target: {fileID: 4912264775813500, guid: f00345ef36797f84db8e38dfae81593d, type: 3}
      propertyPath: m_RootOrder
      value: 1
      objectReference: {fileID: 0}
    - target: {fileID: 4912264775813500, guid: f00345ef36797f84db8e38dfae81593d, type: 3}
      propertyPath: m_LocalEulerAnglesHint.x
      value: 90
      objectReference: {fileID: 0}
    - target: {fileID: 4912264775813500, guid: f00345ef36797f84db8e38dfae81593d, type: 3}
      propertyPath: m_LocalEulerAnglesHint.y
      value: 0
      objectReference: {fileID: 0}
    - target: {fileID: 4912264775813500, guid: f00345ef36797f84db8e38dfae81593d, type: 3}
      propertyPath: m_LocalEulerAnglesHint.z
      value: 0
      objectReference: {fileID: 0}
    - target: {fileID: 4912264775813500, guid: f00345ef36797f84db8e38dfae81593d, type: 3}
      propertyPath: m_LocalScale.x
      value: 1.1111112
      objectReference: {fileID: 0}
    - target: {fileID: 4912264775813500, guid: f00345ef36797f84db8e38dfae81593d, type: 3}
      propertyPath: m_LocalScale.y
      value: 1.1111112
      objectReference: {fileID: 0}
    - target: {fileID: 4912264775813500, guid: f00345ef36797f84db8e38dfae81593d, type: 3}
      propertyPath: m_LocalScale.z
      value: 1.1111112
      objectReference: {fileID: 0}
    m_RemovedComponents: []
  m_SourcePrefab: {fileID: 100100000, guid: f00345ef36797f84db8e38dfae81593d, type: 3}
--- !u!4 &6201387948179819038 stripped
Transform:
  m_CorrespondingSourceObject: {fileID: 4912264775813500, guid: f00345ef36797f84db8e38dfae81593d,
    type: 3}
  m_PrefabInstance: {fileID: 6205593969840407394}
  m_PrefabAsset: {fileID: 0}
--- !u!1001 &6205593969910963951
PrefabInstance:
  m_ObjectHideFlags: 0
  serializedVersion: 2
  m_Modification:
    m_TransformParent: {fileID: 6201579614050597442}
    m_Modifications:
    - target: {fileID: 1292181010229262, guid: f00345ef36797f84db8e38dfae81593d, type: 3}
      propertyPath: m_Name
      value: Attach Point #3
      objectReference: {fileID: 0}
    - target: {fileID: 1292181010229262, guid: f00345ef36797f84db8e38dfae81593d, type: 3}
      propertyPath: m_StaticEditorFlags
      value: 0
      objectReference: {fileID: 0}
    - target: {fileID: 4912264775813500, guid: f00345ef36797f84db8e38dfae81593d, type: 3}
      propertyPath: m_LocalPosition.x
      value: -0.95
      objectReference: {fileID: 0}
    - target: {fileID: 4912264775813500, guid: f00345ef36797f84db8e38dfae81593d, type: 3}
      propertyPath: m_LocalPosition.y
      value: 0.07
      objectReference: {fileID: 0}
    - target: {fileID: 4912264775813500, guid: f00345ef36797f84db8e38dfae81593d, type: 3}
      propertyPath: m_LocalPosition.z
      value: 2.77
      objectReference: {fileID: 0}
    - target: {fileID: 4912264775813500, guid: f00345ef36797f84db8e38dfae81593d, type: 3}
      propertyPath: m_LocalRotation.x
      value: 1
      objectReference: {fileID: 0}
    - target: {fileID: 4912264775813500, guid: f00345ef36797f84db8e38dfae81593d, type: 3}
      propertyPath: m_LocalRotation.y
      value: -0
      objectReference: {fileID: 0}
    - target: {fileID: 4912264775813500, guid: f00345ef36797f84db8e38dfae81593d, type: 3}
      propertyPath: m_LocalRotation.z
      value: -0
      objectReference: {fileID: 0}
    - target: {fileID: 4912264775813500, guid: f00345ef36797f84db8e38dfae81593d, type: 3}
      propertyPath: m_LocalRotation.w
      value: 0
      objectReference: {fileID: 0}
    - target: {fileID: 4912264775813500, guid: f00345ef36797f84db8e38dfae81593d, type: 3}
      propertyPath: m_RootOrder
      value: 2
      objectReference: {fileID: 0}
    - target: {fileID: 4912264775813500, guid: f00345ef36797f84db8e38dfae81593d, type: 3}
      propertyPath: m_LocalEulerAnglesHint.x
      value: 90
      objectReference: {fileID: 0}
    - target: {fileID: 4912264775813500, guid: f00345ef36797f84db8e38dfae81593d, type: 3}
      propertyPath: m_LocalEulerAnglesHint.y
      value: 0
      objectReference: {fileID: 0}
    - target: {fileID: 4912264775813500, guid: f00345ef36797f84db8e38dfae81593d, type: 3}
      propertyPath: m_LocalEulerAnglesHint.z
      value: 0
      objectReference: {fileID: 0}
    - target: {fileID: 4912264775813500, guid: f00345ef36797f84db8e38dfae81593d, type: 3}
      propertyPath: m_LocalScale.x
      value: 1.1111112
      objectReference: {fileID: 0}
    - target: {fileID: 4912264775813500, guid: f00345ef36797f84db8e38dfae81593d, type: 3}
      propertyPath: m_LocalScale.y
      value: 1.1111112
      objectReference: {fileID: 0}
    - target: {fileID: 4912264775813500, guid: f00345ef36797f84db8e38dfae81593d, type: 3}
      propertyPath: m_LocalScale.z
      value: 1.1111112
      objectReference: {fileID: 0}
    m_RemovedComponents: []
  m_SourcePrefab: {fileID: 100100000, guid: f00345ef36797f84db8e38dfae81593d, type: 3}
--- !u!4 &6201387948116023187 stripped
Transform:
  m_CorrespondingSourceObject: {fileID: 4912264775813500, guid: f00345ef36797f84db8e38dfae81593d,
    type: 3}
  m_PrefabInstance: {fileID: 6205593969910963951}
  m_PrefabAsset: {fileID: 0}
--- !u!1001 &6205593970263880211
PrefabInstance:
  m_ObjectHideFlags: 0
  serializedVersion: 2
  m_Modification:
    m_TransformParent: {fileID: 6201387948116023187}
    m_Modifications:
    - target: {fileID: 1581791906130618, guid: ded0bd266a467194da9c330882596724, type: 3}
      propertyPath: m_Name
      value: Ball_Bearing
      objectReference: {fileID: 0}
    - target: {fileID: 1581791906130618, guid: ded0bd266a467194da9c330882596724, type: 3}
      propertyPath: m_StaticEditorFlags
      value: 0
      objectReference: {fileID: 0}
    - target: {fileID: 4951314974144606, guid: ded0bd266a467194da9c330882596724, type: 3}
      propertyPath: m_LocalPosition.x
      value: 0.02
      objectReference: {fileID: 0}
    - target: {fileID: 4951314974144606, guid: ded0bd266a467194da9c330882596724, type: 3}
      propertyPath: m_LocalPosition.y
      value: -0.24
      objectReference: {fileID: 0}
    - target: {fileID: 4951314974144606, guid: ded0bd266a467194da9c330882596724, type: 3}
      propertyPath: m_LocalPosition.z
      value: 0
      objectReference: {fileID: 0}
    - target: {fileID: 4951314974144606, guid: ded0bd266a467194da9c330882596724, type: 3}
      propertyPath: m_LocalRotation.x
      value: -0
      objectReference: {fileID: 0}
    - target: {fileID: 4951314974144606, guid: ded0bd266a467194da9c330882596724, type: 3}
      propertyPath: m_LocalRotation.y
      value: -0
      objectReference: {fileID: 0}
    - target: {fileID: 4951314974144606, guid: ded0bd266a467194da9c330882596724, type: 3}
      propertyPath: m_LocalRotation.z
      value: -0
      objectReference: {fileID: 0}
    - target: {fileID: 4951314974144606, guid: ded0bd266a467194da9c330882596724, type: 3}
      propertyPath: m_LocalRotation.w
      value: 1
      objectReference: {fileID: 0}
    - target: {fileID: 4951314974144606, guid: ded0bd266a467194da9c330882596724, type: 3}
      propertyPath: m_RootOrder
      value: 0
      objectReference: {fileID: 0}
    - target: {fileID: 4951314974144606, guid: ded0bd266a467194da9c330882596724, type: 3}
      propertyPath: m_LocalEulerAnglesHint.x
      value: 90
      objectReference: {fileID: 0}
    - target: {fileID: 4951314974144606, guid: ded0bd266a467194da9c330882596724, type: 3}
      propertyPath: m_LocalEulerAnglesHint.y
      value: 0
      objectReference: {fileID: 0}
    - target: {fileID: 4951314974144606, guid: ded0bd266a467194da9c330882596724, type: 3}
      propertyPath: m_LocalEulerAnglesHint.z
      value: 0
      objectReference: {fileID: 0}
    - target: {fileID: 4951314974144606, guid: ded0bd266a467194da9c330882596724, type: 3}
      propertyPath: m_LocalScale.x
      value: 1.5
      objectReference: {fileID: 0}
    - target: {fileID: 4951314974144606, guid: ded0bd266a467194da9c330882596724, type: 3}
      propertyPath: m_LocalScale.y
      value: 1.5000001
      objectReference: {fileID: 0}
    - target: {fileID: 4951314974144606, guid: ded0bd266a467194da9c330882596724, type: 3}
      propertyPath: m_LocalScale.z
      value: 1.5000001
      objectReference: {fileID: 0}
    m_RemovedComponents: []
  m_SourcePrefab: {fileID: 100100000, guid: ded0bd266a467194da9c330882596724, type: 3}
--- !u!1001 &6205593970588089721
PrefabInstance:
  m_ObjectHideFlags: 0
  serializedVersion: 2
  m_Modification:
    m_TransformParent: {fileID: 6201387948179819038}
    m_Modifications:
    - target: {fileID: 1581791906130618, guid: ded0bd266a467194da9c330882596724, type: 3}
      propertyPath: m_Name
      value: Ball_Bearing
      objectReference: {fileID: 0}
    - target: {fileID: 1581791906130618, guid: ded0bd266a467194da9c330882596724, type: 3}
      propertyPath: m_StaticEditorFlags
      value: 0
      objectReference: {fileID: 0}
    - target: {fileID: 4951314974144606, guid: ded0bd266a467194da9c330882596724, type: 3}
      propertyPath: m_LocalPosition.x
      value: -0.01
      objectReference: {fileID: 0}
    - target: {fileID: 4951314974144606, guid: ded0bd266a467194da9c330882596724, type: 3}
      propertyPath: m_LocalPosition.y
      value: -0.24
      objectReference: {fileID: 0}
    - target: {fileID: 4951314974144606, guid: ded0bd266a467194da9c330882596724, type: 3}
      propertyPath: m_LocalPosition.z
      value: -0
      objectReference: {fileID: 0}
    - target: {fileID: 4951314974144606, guid: ded0bd266a467194da9c330882596724, type: 3}
      propertyPath: m_LocalRotation.x
      value: -0
      objectReference: {fileID: 0}
    - target: {fileID: 4951314974144606, guid: ded0bd266a467194da9c330882596724, type: 3}
      propertyPath: m_LocalRotation.y
      value: -0
      objectReference: {fileID: 0}
    - target: {fileID: 4951314974144606, guid: ded0bd266a467194da9c330882596724, type: 3}
      propertyPath: m_LocalRotation.z
      value: -0
      objectReference: {fileID: 0}
    - target: {fileID: 4951314974144606, guid: ded0bd266a467194da9c330882596724, type: 3}
      propertyPath: m_LocalRotation.w
      value: 1
      objectReference: {fileID: 0}
    - target: {fileID: 4951314974144606, guid: ded0bd266a467194da9c330882596724, type: 3}
      propertyPath: m_RootOrder
      value: 0
      objectReference: {fileID: 0}
    - target: {fileID: 4951314974144606, guid: ded0bd266a467194da9c330882596724, type: 3}
      propertyPath: m_LocalEulerAnglesHint.x
      value: 90
      objectReference: {fileID: 0}
    - target: {fileID: 4951314974144606, guid: ded0bd266a467194da9c330882596724, type: 3}
      propertyPath: m_LocalEulerAnglesHint.y
      value: 0
      objectReference: {fileID: 0}
    - target: {fileID: 4951314974144606, guid: ded0bd266a467194da9c330882596724, type: 3}
      propertyPath: m_LocalEulerAnglesHint.z
      value: 0
      objectReference: {fileID: 0}
    - target: {fileID: 4951314974144606, guid: ded0bd266a467194da9c330882596724, type: 3}
      propertyPath: m_LocalScale.x
      value: 1.5
      objectReference: {fileID: 0}
    - target: {fileID: 4951314974144606, guid: ded0bd266a467194da9c330882596724, type: 3}
      propertyPath: m_LocalScale.y
      value: 1.5000001
      objectReference: {fileID: 0}
    - target: {fileID: 4951314974144606, guid: ded0bd266a467194da9c330882596724, type: 3}
      propertyPath: m_LocalScale.z
      value: 1.5000001
      objectReference: {fileID: 0}
    m_RemovedComponents: []
  m_SourcePrefab: {fileID: 100100000, guid: ded0bd266a467194da9c330882596724, type: 3}
