%YAML 1.1
%TAG !u! tag:unity3d.com,2011:
--- !u!114 &426674408474548302
MonoBehaviour:
  m_ObjectHideFlags: 0
  m_CorrespondingSourceObject: {fileID: 0}
  m_PrefabInstance: {fileID: 0}
  m_PrefabAsset: {fileID: 0}
  m_GameObject: {fileID: 427174340063675187}
  m_Enabled: 1
  m_EditorHideFlags: 0
  m_Script: {fileID: 11500000, guid: 91ef652a7326a6f47aaef63f98350346, type: 3}
  m_Name: 
  m_EditorClassIdentifier: 
  _active: 0
  _axis: 1
  _degreesPerSecond: -50
  _accelerationOnActivation: 1
  _secondsToReachMaxRotationSpeed: 4
  _deaccelerationOnDeactivation: 1
  _secondsToFullyStopRotating: 2
  _initialRotation: {x: 0, y: 72.5, z: 0}
--- !u!1 &426674409084219654
GameObject:
  m_ObjectHideFlags: 0
  m_CorrespondingSourceObject: {fileID: 0}
  m_PrefabInstance: {fileID: 0}
  m_PrefabAsset: {fileID: 0}
  serializedVersion: 6
  m_Component:
  - component: {fileID: 426674409084219653}
  - component: {fileID: 426674409084219651}
  - component: {fileID: 426674409084219652}
  m_Layer: 9
  m_Name: Log
  m_TagString: Untagged
  m_Icon: {fileID: 0}
  m_NavMeshLayer: 0
  m_StaticEditorFlags: 0
  m_IsActive: 1
--- !u!4 &426674409084219653
Transform:
  m_ObjectHideFlags: 0
  m_CorrespondingSourceObject: {fileID: 0}
  m_PrefabInstance: {fileID: 0}
  m_PrefabAsset: {fileID: 0}
  m_GameObject: {fileID: 426674409084219654}
  m_LocalRotation: {x: 0.5, y: 0.5, z: -0.5, w: 0.5}
  m_LocalPosition: {x: -0.046651207, y: 0.95000005, z: 0.019999266}
  m_LocalScale: {x: 0.6666667, y: 0.6666665, z: 0.33333325}
  m_Children:
  - {fileID: 424475675217575073}
  m_Father: {fileID: 424727226902808753}
  m_RootOrder: 0
  m_LocalEulerAnglesHint: {x: 90, y: 0, z: -90}
--- !u!212 &426674409084219651
SpriteRenderer:
  m_ObjectHideFlags: 0
  m_CorrespondingSourceObject: {fileID: 0}
  m_PrefabInstance: {fileID: 0}
  m_PrefabAsset: {fileID: 0}
  m_GameObject: {fileID: 426674409084219654}
  m_Enabled: 1
  m_CastShadows: 0
  m_ReceiveShadows: 0
  m_DynamicOccludee: 1
  m_MotionVectors: 1
  m_LightProbeUsage: 1
  m_ReflectionProbeUsage: 1
  m_RayTracingMode: 0
  m_RenderingLayerMask: 1
  m_RendererPriority: 0
  m_Materials:
  - {fileID: 2100000, guid: a97c105638bdf8b4a8650670310a4cd3, type: 2}
  m_StaticBatchInfo:
    firstSubMesh: 0
    subMeshCount: 0
  m_StaticBatchRoot: {fileID: 0}
  m_ProbeAnchor: {fileID: 0}
  m_LightProbeVolumeOverride: {fileID: 0}
  m_ScaleInLightmap: 1
  m_ReceiveGI: 1
  m_PreserveUVs: 0
  m_IgnoreNormalsForChartDetection: 0
  m_ImportantGI: 0
  m_StitchLightmapSeams: 1
  m_SelectedEditorRenderState: 0
  m_MinimumChartSize: 4
  m_AutoUVMaxDistance: 0.5
  m_AutoUVMaxAngle: 89
  m_LightmapParameters: {fileID: 0}
  m_SortingLayerID: 1155926471
  m_SortingLayer: 2
  m_SortingOrder: 0
  m_Sprite: {fileID: 21300000, guid: 2d3f2d5b150277440beb4ebe3508425e, type: 3}
  m_Color: {r: 1, g: 1, b: 1, a: 1}
  m_FlipX: 0
  m_FlipY: 0
  m_DrawMode: 0
  m_Size: {x: 4.43, y: 1.65}
  m_AdaptiveModeThreshold: 0.5
  m_SpriteTileMode: 0
  m_WasSpriteAssigned: 1
  m_MaskInteraction: 0
  m_SpriteSortPoint: 0
--- !u!61 &426674409084219652
BoxCollider2D:
  m_ObjectHideFlags: 0
  m_CorrespondingSourceObject: {fileID: 0}
  m_PrefabInstance: {fileID: 0}
  m_PrefabAsset: {fileID: 0}
  m_GameObject: {fileID: 426674409084219654}
  m_Enabled: 1
  m_Density: 1
  m_Material: {fileID: 0}
  m_IsTrigger: 0
  m_UsedByEffector: 0
  m_UsedByComposite: 0
  m_Offset: {x: -0.011072218, y: -0.09801689}
  m_SpriteTilingProperty:
    border: {x: 0, y: 0, z: 0, w: 0}
    pivot: {x: 0.5, y: 0.5}
    oldSize: {x: 4.43, y: 1.65}
    newSize: {x: 4.43, y: 1.65}
    adaptiveTilingThreshold: 0.5
    drawMode: 0
    adaptiveTiling: 0
  m_AutoTiling: 0
  serializedVersion: 2
  m_Size: {x: 4.0005293, y: 0.8919881}
  m_EdgeRadius: 0
--- !u!1 &427709442537727608
GameObject:
  m_ObjectHideFlags: 0
  m_CorrespondingSourceObject: {fileID: 0}
  m_PrefabInstance: {fileID: 0}
  m_PrefabAsset: {fileID: 0}
  serializedVersion: 6
  m_Component:
  - component: {fileID: 424753463852687112}
  - component: {fileID: 404950696971255454}
  - component: {fileID: 412173302201350780}
  - component: {fileID: 426674409901569803}
  m_Layer: 0
  m_Name: Center Attach Point Large Gear (with Rotating Middle)
  m_TagString: Untagged
  m_Icon: {fileID: 0}
  m_NavMeshLayer: 0
  m_StaticEditorFlags: 0
  m_IsActive: 1
--- !u!4 &424753463852687112
Transform:
  m_ObjectHideFlags: 0
  m_CorrespondingSourceObject: {fileID: 0}
  m_PrefabInstance: {fileID: 0}
  m_PrefabAsset: {fileID: 0}
  m_GameObject: {fileID: 427709442537727608}
  m_LocalRotation: {x: -0.10756744, y: -0.69887716, z: 0.69887716, w: 0.10756744}
  m_LocalPosition: {x: 561.07, y: 345.56, z: 5.5}
  m_LocalScale: {x: 1.5, y: 1.5, z: 1.5}
  m_Children:
  - {fileID: 424727226902808753}
  m_Father: {fileID: 0}
  m_RootOrder: 0
  m_LocalEulerAnglesHint: {x: 72.5, y: -90, z: 90}
--- !u!33 &404950696971255454
MeshFilter:
  m_ObjectHideFlags: 0
  m_CorrespondingSourceObject: {fileID: 0}
  m_PrefabInstance: {fileID: 0}
  m_PrefabAsset: {fileID: 0}
  m_GameObject: {fileID: 427709442537727608}
  m_Mesh: {fileID: 4300000, guid: 6c3df3038832d30429025aff61ff36d0, type: 3}
--- !u!23 &412173302201350780
MeshRenderer:
  m_ObjectHideFlags: 0
  m_CorrespondingSourceObject: {fileID: 0}
  m_PrefabInstance: {fileID: 0}
  m_PrefabAsset: {fileID: 0}
  m_GameObject: {fileID: 427709442537727608}
  m_Enabled: 1
  m_CastShadows: 1
  m_ReceiveShadows: 1
  m_DynamicOccludee: 1
  m_MotionVectors: 1
  m_LightProbeUsage: 1
  m_ReflectionProbeUsage: 1
  m_RayTracingMode: 2
  m_RenderingLayerMask: 4294967295
  m_RendererPriority: 0
  m_Materials:
  - {fileID: 2100000, guid: d3691ad55e79dc343a4d2303511656b2, type: 2}
  m_StaticBatchInfo:
    firstSubMesh: 0
    subMeshCount: 0
  m_StaticBatchRoot: {fileID: 0}
  m_ProbeAnchor: {fileID: 0}
  m_LightProbeVolumeOverride: {fileID: 0}
  m_ScaleInLightmap: 1
  m_ReceiveGI: 1
  m_PreserveUVs: 0
  m_IgnoreNormalsForChartDetection: 0
  m_ImportantGI: 0
  m_StitchLightmapSeams: 0
  m_SelectedEditorRenderState: 3
  m_MinimumChartSize: 4
  m_AutoUVMaxDistance: 0.5
  m_AutoUVMaxAngle: 89
  m_LightmapParameters: {fileID: 0}
  m_SortingLayerID: 0
  m_SortingLayer: 0
  m_SortingOrder: 0
--- !u!114 &426674409901569803
MonoBehaviour:
  m_ObjectHideFlags: 0
  m_CorrespondingSourceObject: {fileID: 0}
  m_PrefabInstance: {fileID: 0}
  m_PrefabAsset: {fileID: 0}
  m_GameObject: {fileID: 427709442537727608}
  m_Enabled: 1
  m_EditorHideFlags: 0
  m_Script: {fileID: 11500000, guid: 91ef652a7326a6f47aaef63f98350346, type: 3}
  m_Name: 
  m_EditorClassIdentifier: 
  _active: 0
  _axis: 0
  _degreesPerSecond: 25
  _accelerationOnActivation: 1
  _secondsToReachMaxRotationSpeed: 4
  _deaccelerationOnDeactivation: 1
  _secondsToFullyStopRotating: 2
  _initialRotation: {x: 72.5, y: -90, z: 90}
--- !u!1001 &426674408474548305
PrefabInstance:
  m_ObjectHideFlags: 0
  serializedVersion: 2
  m_Modification:
    m_TransformParent: {fileID: 424753463852687112}
    m_Modifications:
    - target: {fileID: 1823890800663394, guid: d5d31316cbbc6844293120fc739907eb, type: 3}
      propertyPath: m_Name
      value: Middle Gear
      objectReference: {fileID: 0}
    - target: {fileID: 1823890800663394, guid: d5d31316cbbc6844293120fc739907eb, type: 3}
      propertyPath: m_StaticEditorFlags
      value: 0
      objectReference: {fileID: 0}
    - target: {fileID: 4280625227534560, guid: d5d31316cbbc6844293120fc739907eb, type: 3}
      propertyPath: m_LocalPosition.x
      value: -0.06
      objectReference: {fileID: 0}
    - target: {fileID: 4280625227534560, guid: d5d31316cbbc6844293120fc739907eb, type: 3}
      propertyPath: m_LocalPosition.y
      value: 1.33
      objectReference: {fileID: 0}
    - target: {fileID: 4280625227534560, guid: d5d31316cbbc6844293120fc739907eb, type: 3}
      propertyPath: m_LocalPosition.z
      value: 0.04
      objectReference: {fileID: 0}
    - target: {fileID: 4280625227534560, guid: d5d31316cbbc6844293120fc739907eb, type: 3}
      propertyPath: m_LocalRotation.x
      value: -0
      objectReference: {fileID: 0}
    - target: {fileID: 4280625227534560, guid: d5d31316cbbc6844293120fc739907eb, type: 3}
      propertyPath: m_LocalRotation.y
      value: 0.5913097
      objectReference: {fileID: 0}
    - target: {fileID: 4280625227534560, guid: d5d31316cbbc6844293120fc739907eb, type: 3}
      propertyPath: m_LocalRotation.z
      value: -0.0000000037252903
      objectReference: {fileID: 0}
    - target: {fileID: 4280625227534560, guid: d5d31316cbbc6844293120fc739907eb, type: 3}
      propertyPath: m_LocalRotation.w
      value: 0.8064446
      objectReference: {fileID: 0}
    - target: {fileID: 4280625227534560, guid: d5d31316cbbc6844293120fc739907eb, type: 3}
      propertyPath: m_RootOrder
      value: 0
      objectReference: {fileID: 0}
    - target: {fileID: 4280625227534560, guid: d5d31316cbbc6844293120fc739907eb, type: 3}
      propertyPath: m_LocalEulerAnglesHint.x
      value: 0
      objectReference: {fileID: 0}
    - target: {fileID: 4280625227534560, guid: d5d31316cbbc6844293120fc739907eb, type: 3}
      propertyPath: m_LocalEulerAnglesHint.y
      value: -90
      objectReference: {fileID: 0}
    - target: {fileID: 4280625227534560, guid: d5d31316cbbc6844293120fc739907eb, type: 3}
      propertyPath: m_LocalEulerAnglesHint.z
      value: 90
      objectReference: {fileID: 0}
    - target: {fileID: 4280625227534560, guid: d5d31316cbbc6844293120fc739907eb, type: 3}
      propertyPath: m_LocalScale.x
      value: 2
      objectReference: {fileID: 0}
    - target: {fileID: 4280625227534560, guid: d5d31316cbbc6844293120fc739907eb, type: 3}
      propertyPath: m_LocalScale.y
      value: 2
      objectReference: {fileID: 0}
    - target: {fileID: 4280625227534560, guid: d5d31316cbbc6844293120fc739907eb, type: 3}
      propertyPath: m_LocalScale.z
      value: 2
      objectReference: {fileID: 0}
    - target: {fileID: 23036831558771676, guid: d5d31316cbbc6844293120fc739907eb,
        type: 3}
      propertyPath: m_SortingOrder
      value: -1
      objectReference: {fileID: 0}
    - target: {fileID: 23036831558771676, guid: d5d31316cbbc6844293120fc739907eb,
        type: 3}
      propertyPath: m_SortingLayerID
      value: -903810563
      objectReference: {fileID: 0}
    - target: {fileID: 23036831558771676, guid: d5d31316cbbc6844293120fc739907eb,
        type: 3}
      propertyPath: m_SortingLayer
      value: 1
      objectReference: {fileID: 0}
    m_RemovedComponents: []
  m_SourcePrefab: {fileID: 100100000, guid: d5d31316cbbc6844293120fc739907eb, type: 3}
--- !u!1 &427174340063675187 stripped
GameObject:
  m_CorrespondingSourceObject: {fileID: 1823890800663394, guid: d5d31316cbbc6844293120fc739907eb,
    type: 3}
  m_PrefabInstance: {fileID: 426674408474548305}
  m_PrefabAsset: {fileID: 0}
--- !u!4 &424727226902808753 stripped
Transform:
  m_CorrespondingSourceObject: {fileID: 4280625227534560, guid: d5d31316cbbc6844293120fc739907eb,
    type: 3}
  m_PrefabInstance: {fileID: 426674408474548305}
  m_PrefabAsset: {fileID: 0}
--- !u!1001 &426674409179111213
PrefabInstance:
  m_ObjectHideFlags: 0
  serializedVersion: 2
  m_Modification:
    m_TransformParent: {fileID: 426674409084219653}
    m_Modifications:
    - target: {fileID: 1393269366725454, guid: 2ca6034c4d5b0774f8744700b5c4abed, type: 3}
      propertyPath: m_Name
      value: Attach Peg
      objectReference: {fileID: 0}
    - target: {fileID: 1393269366725454, guid: 2ca6034c4d5b0774f8744700b5c4abed, type: 3}
      propertyPath: m_StaticEditorFlags
      value: 0
      objectReference: {fileID: 0}
    - target: {fileID: 4451364184646540, guid: 2ca6034c4d5b0774f8744700b5c4abed, type: 3}
      propertyPath: m_LocalPosition.x
      value: 0.07
      objectReference: {fileID: 0}
    - target: {fileID: 4451364184646540, guid: 2ca6034c4d5b0774f8744700b5c4abed, type: 3}
      propertyPath: m_LocalPosition.y
      value: 0.13
      objectReference: {fileID: 0}
    - target: {fileID: 4451364184646540, guid: 2ca6034c4d5b0774f8744700b5c4abed, type: 3}
      propertyPath: m_LocalPosition.z
      value: 0.58739674
      objectReference: {fileID: 0}
    - target: {fileID: 4451364184646540, guid: 2ca6034c4d5b0774f8744700b5c4abed, type: 3}
      propertyPath: m_LocalRotation.x
      value: -0
      objectReference: {fileID: 0}
    - target: {fileID: 4451364184646540, guid: 2ca6034c4d5b0774f8744700b5c4abed, type: 3}
      propertyPath: m_LocalRotation.y
      value: -0
      objectReference: {fileID: 0}
    - target: {fileID: 4451364184646540, guid: 2ca6034c4d5b0774f8744700b5c4abed, type: 3}
      propertyPath: m_LocalRotation.z
      value: -0
      objectReference: {fileID: 0}
    - target: {fileID: 4451364184646540, guid: 2ca6034c4d5b0774f8744700b5c4abed, type: 3}
      propertyPath: m_LocalRotation.w
      value: 1
      objectReference: {fileID: 0}
    - target: {fileID: 4451364184646540, guid: 2ca6034c4d5b0774f8744700b5c4abed, type: 3}
      propertyPath: m_RootOrder
      value: 0
      objectReference: {fileID: 0}
    - target: {fileID: 4451364184646540, guid: 2ca6034c4d5b0774f8744700b5c4abed, type: 3}
      propertyPath: m_LocalEulerAnglesHint.x
      value: 0
      objectReference: {fileID: 0}
    - target: {fileID: 4451364184646540, guid: 2ca6034c4d5b0774f8744700b5c4abed, type: 3}
      propertyPath: m_LocalEulerAnglesHint.y
      value: 0
      objectReference: {fileID: 0}
    - target: {fileID: 4451364184646540, guid: 2ca6034c4d5b0774f8744700b5c4abed, type: 3}
      propertyPath: m_LocalEulerAnglesHint.z
      value: 0
      objectReference: {fileID: 0}
    - target: {fileID: 4451364184646540, guid: 2ca6034c4d5b0774f8744700b5c4abed, type: 3}
      propertyPath: m_LocalScale.x
      value: 0.99750024
      objectReference: {fileID: 0}
    - target: {fileID: 4451364184646540, guid: 2ca6034c4d5b0774f8744700b5c4abed, type: 3}
      propertyPath: m_LocalScale.y
      value: 0.9975003
      objectReference: {fileID: 0}
    - target: {fileID: 4451364184646540, guid: 2ca6034c4d5b0774f8744700b5c4abed, type: 3}
      propertyPath: m_LocalScale.z
      value: 1.9800009
      objectReference: {fileID: 0}
    m_RemovedComponents: []
  m_SourcePrefab: {fileID: 100100000, guid: 2ca6034c4d5b0774f8744700b5c4abed, type: 3}
--- !u!4 &424475675217575073 stripped
Transform:
  m_CorrespondingSourceObject: {fileID: 4451364184646540, guid: 2ca6034c4d5b0774f8744700b5c4abed,
    type: 3}
  m_PrefabInstance: {fileID: 426674409179111213}
  m_PrefabAsset: {fileID: 0}
