%YAML 1.1
%TAG !u! tag:unity3d.com,2011:
--- !u!1 &8730542428849883301
GameObject:
  m_ObjectHideFlags: 0
  m_CorrespondingSourceObject: {fileID: 0}
  m_PrefabInstance: {fileID: 0}
  m_PrefabAsset: {fileID: 0}
  serializedVersion: 6
  m_Component:
  - component: {fileID: 8730542428849883353}
  - component: {fileID: 8730542428849883354}
  - component: {fileID: 8730542428849883355}
  - component: {fileID: 8730542428849883300}
  - component: {fileID: 993398665270215820}
  m_Layer: 9
  m_Name: Dirt Rock with Dead Grass Top Platform
  m_TagString: Untagged
  m_Icon: {fileID: 0}
  m_NavMeshLayer: 0
  m_StaticEditorFlags: 0
  m_IsActive: 1
--- !u!4 &8730542428849883353
Transform:
  m_ObjectHideFlags: 0
  m_CorrespondingSourceObject: {fileID: 0}
  m_PrefabInstance: {fileID: 0}
  m_PrefabAsset: {fileID: 0}
  m_GameObject: {fileID: 8730542428849883301}
  m_LocalRotation: {x: -0, y: -0, z: -0, w: 1}
  m_LocalPosition: {x: 438.0349, y: 325.49118, z: 0}
  m_LocalScale: {x: 1, y: 1, z: 1}
  m_Children: []
  m_Father: {fileID: 0}
  m_RootOrder: 0
  m_LocalEulerAnglesHint: {x: 0, y: 0, z: 0}
--- !u!33 &8730542428849883354
MeshFilter:
  m_ObjectHideFlags: 0
  m_CorrespondingSourceObject: {fileID: 0}
  m_PrefabInstance: {fileID: 0}
  m_PrefabAsset: {fileID: 0}
  m_GameObject: {fileID: 8730542428849883301}
  m_Mesh: {fileID: 4300000, guid: 10f2b460131fe2f4da70a42f91d415bc, type: 2}
--- !u!23 &8730542428849883355
MeshRenderer:
  m_ObjectHideFlags: 0
  m_CorrespondingSourceObject: {fileID: 0}
  m_PrefabInstance: {fileID: 0}
  m_PrefabAsset: {fileID: 0}
  m_GameObject: {fileID: 8730542428849883301}
  m_Enabled: 1
  m_CastShadows: 1
  m_ReceiveShadows: 1
  m_DynamicOccludee: 1
  m_MotionVectors: 1
  m_LightProbeUsage: 1
  m_ReflectionProbeUsage: 1
  m_RayTracingMode: 2
  m_RayTraceProcedural: 0
  m_RenderingLayerMask: 1
  m_RendererPriority: 0
  m_Materials:
  - {fileID: 2100000, guid: 653c36d93d290ce4db29838b99672bc2, type: 2}
  m_StaticBatchInfo:
    firstSubMesh: 0
    subMeshCount: 0
  m_StaticBatchRoot: {fileID: 0}
  m_ProbeAnchor: {fileID: 0}
  m_LightProbeVolumeOverride: {fileID: 0}
  m_ScaleInLightmap: 1
  m_ReceiveGI: 1
  m_PreserveUVs: 0
  m_IgnoreNormalsForChartDetection: 0
  m_ImportantGI: 0
  m_StitchLightmapSeams: 1
  m_SelectedEditorRenderState: 0
  m_MinimumChartSize: 4
  m_AutoUVMaxDistance: 0.5
  m_AutoUVMaxAngle: 89
  m_LightmapParameters: {fileID: 0}
  m_SortingLayerID: 1155926471
  m_SortingLayer: 2
  m_SortingOrder: 0
  m_AdditionalVertexStreams: {fileID: 0}
--- !u!114 &8730542428849883300
MonoBehaviour:
  m_ObjectHideFlags: 0
  m_CorrespondingSourceObject: {fileID: 0}
  m_PrefabInstance: {fileID: 0}
  m_PrefabAsset: {fileID: 0}
  m_GameObject: {fileID: 8730542428849883301}
  m_Enabled: 1
  m_EditorHideFlags: 0
  m_Script: {fileID: 11500000, guid: c6f66502d17e51d4aae0b1e16d1903a4, type: 3}
  m_Name: 
  m_EditorClassIdentifier: 
  fillY: 0
  fillZ: 0.05
  invertFillBorder: {x: 0, y: 0}
  splitCorners: 0
  pixelsPerUnit: 64
  vertexColorType: 0
  vertexColor: {r: 1, g: 1, b: 1, a: 1}
  vertexGradient:
    serializedVersion: 2
    key0: {r: 1, g: 1, b: 1, a: 1}
    key1: {r: 1, g: 1, b: 1, a: 1}
    key2: {r: 0, g: 0, b: 0, a: 0}
    key3: {r: 0, g: 0, b: 0, a: 0}
    key4: {r: 0, g: 0, b: 0, a: 0}
    key5: {r: 0, g: 0, b: 0, a: 0}
    key6: {r: 0, g: 0, b: 0, a: 0}
    key7: {r: 0, g: 0, b: 0, a: 0}
    ctime0: 0
    ctime1: 65535
    ctime2: 0
    ctime3: 0
    ctime4: 0
    ctime5: 0
    ctime6: 0
    ctime7: 0
    atime0: 0
    atime1: 65535
    atime2: 0
    atime3: 0
    atime4: 0
    atime5: 0
    atime6: 0
    atime7: 0
    m_Mode: 0
    m_NumColorKeys: 2
    m_NumAlphaKeys: 2
  vertexGradientAngle: 90
  vertexGradientDistance: 4
  createTangents: 0
  uvOffset: {x: 0, y: 0}
  slantAmount: 0
  fillSplit: 0
  fillSplitDistance: 4
  usedByEffector: 0
  isTrigger: 0
  depth: 4
  physicsMaterial: {fileID: 0}
  physicsMaterial2D: {fileID: 0}
  edgeMode: 0
  fillMode: 2
  useSkirt: 0
  colliderMode: 1
  fillCollider: 0
  pathData:
    _points:
    - {x: 12.841278, y: 5}
    - {x: 2.8001099, y: 5}
    _pointControls:
    - radius: 1
      controlNext: {x: 0, y: 0}
      controlPrev: {x: 0, y: 0}
      type: 2
    - radius: 1
      controlNext: {x: 0, y: 0}
      controlPrev: {x: 0, y: 0}
      type: 2
    _closed: 0
    _splitDistance: 1
    _data:
    - directionOverride: 100
      cutOverrides: 
      scale: 1
    - directionOverride: 100
      cutOverrides: 
      scale: 1
  terrainMaterial: {fileID: 0}
  terrainMaterialInterface: {fileID: 11400000, guid: 040caaaee08e02644bfaa38b83d855fd,
    type: 2}
  fill: 0
  smoothPath: 0
  splitCount: 4
  splitDist: 1
  splitMiddle: 1
  randomByWorldCoordinates: 0
  createCollider: 1
  create3DCollider: 0
  sharpCorners: 0
  sharpCornerDistance: 2
  smoothSphereCollisions: 0
  surfaceOffset:
  - 0
  - 0
  - 0
  - 0
  useEdgeCollider: 0
  colliderThickness: 0.1
  collidersLeft: 1
  collidersRight: 1
  collidersTop: 1
  collidersBottom: 1
  directionOverrides: 
  cutOverrides: []
  vertScales: []
  WasSortingFixed: 0
--- !u!50 &993398665270215820
Rigidbody2D:
  serializedVersion: 4
  m_ObjectHideFlags: 0
  m_CorrespondingSourceObject: {fileID: 0}
  m_PrefabInstance: {fileID: 0}
  m_PrefabAsset: {fileID: 0}
  m_GameObject: {fileID: 8730542428849883301}
  m_BodyType: 2
  m_Simulated: 1
  m_UseFullKinematicContacts: 0
  m_UseAutoMass: 0
  m_Mass: 1
  m_LinearDrag: 0
  m_AngularDrag: 0.05
  m_GravityScale: 1
  m_Material: {fileID: 0}
  m_Interpolate: 0
  m_SleepingMode: 1
  m_CollisionDetection: 0
  m_Constraints: 0
