%YAML 1.1
%TAG !u! tag:unity3d.com,2011:
--- !u!1 &3450307603340212307
GameObject:
  m_ObjectHideFlags: 0
  m_CorrespondingSourceObject: {fileID: 0}
  m_PrefabInstance: {fileID: 0}
  m_PrefabAsset: {fileID: 0}
  serializedVersion: 6
  m_Component:
  - component: {fileID: 2319033418182821272}
  - component: {fileID: 8414620971291281216}
  m_Layer: 2
  m_Name: Prevent Wall Sliding on Sides Collider
  m_TagString: Untagged
  m_Icon: {fileID: 0}
  m_NavMeshLayer: 0
  m_StaticEditorFlags: 0
  m_IsActive: 1
--- !u!4 &2319033418182821272
Transform:
  m_ObjectHideFlags: 0
  m_CorrespondingSourceObject: {fileID: 0}
  m_PrefabInstance: {fileID: 0}
  m_PrefabAsset: {fileID: 0}
  m_GameObject: {fileID: 3450307603340212307}
  m_LocalRotation: {x: -0, y: -0, z: -0, w: 1}
  m_LocalPosition: {x: 0, y: 0, z: 0}
  m_LocalScale: {x: 1, y: 1, z: 1}
  m_Children: []
  m_Father: {fileID: 5446799443877599354}
  m_RootOrder: 1
  m_LocalEulerAnglesHint: {x: 0, y: 0, z: 0}
--- !u!61 &8414620971291281216
BoxCollider2D:
  m_ObjectHideFlags: 0
  m_CorrespondingSourceObject: {fileID: 0}
  m_PrefabInstance: {fileID: 0}
  m_PrefabAsset: {fileID: 0}
  m_GameObject: {fileID: 3450307603340212307}
  m_Enabled: 1
  m_Density: 1
  m_Material: {fileID: 0}
  m_IsTrigger: 0
  m_UsedByEffector: 0
  m_UsedByComposite: 0
  m_Offset: {x: -0.010884523, y: -0.09280166}
  m_SpriteTilingProperty:
    border: {x: 0, y: 0, z: 0, w: 0}
    pivot: {x: 0, y: 0}
    oldSize: {x: 0, y: 0}
    newSize: {x: 0, y: 0}
    adaptiveTilingThreshold: 0
    drawMode: 0
    adaptiveTiling: 0
  m_AutoTiling: 0
  serializedVersion: 2
  m_Size: {x: 4.0052934, y: 0.77992433}
  m_EdgeRadius: 0
--- !u!1 &5446799443877599352
GameObject:
  m_ObjectHideFlags: 0
  m_CorrespondingSourceObject: {fileID: 0}
  m_PrefabInstance: {fileID: 0}
  m_PrefabAsset: {fileID: 0}
  serializedVersion: 6
  m_Component:
  - component: {fileID: 5446799443877599354}
  - component: {fileID: 5446799443877599353}
  - component: {fileID: 5446799443877599355}
  m_Layer: 9
  m_Name: Log
  m_TagString: Untagged
  m_Icon: {fileID: 0}
  m_NavMeshLayer: 0
  m_StaticEditorFlags: 0
  m_IsActive: 1
--- !u!4 &5446799443877599354
Transform:
  m_ObjectHideFlags: 0
  m_CorrespondingSourceObject: {fileID: 0}
  m_PrefabInstance: {fileID: 0}
  m_PrefabAsset: {fileID: 0}
  m_GameObject: {fileID: 5446799443877599352}
  m_LocalRotation: {x: 0.7071068, y: 0, z: 0, w: 0.7071068}
  m_LocalPosition: {x: -0.046651207, y: 0.95000005, z: 0.019999266}
  m_LocalScale: {x: 0.33, y: 0.66, z: 0.33333325}
  m_Children:
  - {fileID: 442780419125541129}
  - {fileID: 2319033418182821272}
  m_Father: {fileID: 6649566357898250704}
  m_RootOrder: 0
  m_LocalEulerAnglesHint: {x: 90, y: 0, z: 0}
--- !u!212 &5446799443877599353
SpriteRenderer:
  m_ObjectHideFlags: 0
  m_CorrespondingSourceObject: {fileID: 0}
  m_PrefabInstance: {fileID: 0}
  m_PrefabAsset: {fileID: 0}
  m_GameObject: {fileID: 5446799443877599352}
  m_Enabled: 1
  m_CastShadows: 0
  m_ReceiveShadows: 0
  m_DynamicOccludee: 1
  m_MotionVectors: 1
  m_LightProbeUsage: 1
  m_ReflectionProbeUsage: 1
  m_RayTracingMode: 0
  m_RenderingLayerMask: 1
  m_RendererPriority: 0
  m_Materials:
  - {fileID: 2100000, guid: a97c105638bdf8b4a8650670310a4cd3, type: 2}
  m_StaticBatchInfo:
    firstSubMesh: 0
    subMeshCount: 0
  m_StaticBatchRoot: {fileID: 0}
  m_ProbeAnchor: {fileID: 0}
  m_LightProbeVolumeOverride: {fileID: 0}
  m_ScaleInLightmap: 1
  m_ReceiveGI: 1
  m_PreserveUVs: 0
  m_IgnoreNormalsForChartDetection: 0
  m_ImportantGI: 0
  m_StitchLightmapSeams: 1
  m_SelectedEditorRenderState: 0
  m_MinimumChartSize: 4
  m_AutoUVMaxDistance: 0.5
  m_AutoUVMaxAngle: 89
  m_LightmapParameters: {fileID: 0}
  m_SortingLayerID: 1155926471
  m_SortingLayer: 2
  m_SortingOrder: 0
  m_Sprite: {fileID: 21300000, guid: 2d3f2d5b150277440beb4ebe3508425e, type: 3}
  m_Color: {r: 1, g: 1, b: 1, a: 1}
  m_FlipX: 0
  m_FlipY: 0
  m_DrawMode: 0
  m_Size: {x: 4.43, y: 1.65}
  m_AdaptiveModeThreshold: 0.5
  m_SpriteTileMode: 0
  m_WasSpriteAssigned: 1
  m_MaskInteraction: 0
  m_SpriteSortPoint: 0
--- !u!61 &5446799443877599355
BoxCollider2D:
  m_ObjectHideFlags: 0
  m_CorrespondingSourceObject: {fileID: 0}
  m_PrefabInstance: {fileID: 0}
  m_PrefabAsset: {fileID: 0}
  m_GameObject: {fileID: 5446799443877599352}
  m_Enabled: 1
  m_Density: 1
  m_Material: {fileID: 0}
  m_IsTrigger: 0
  m_UsedByEffector: 0
  m_UsedByComposite: 0
  m_Offset: {x: -0.011072218, y: -0.09801689}
  m_SpriteTilingProperty:
    border: {x: 0, y: 0, z: 0, w: 0}
    pivot: {x: 0.5, y: 0.5}
    oldSize: {x: 4.43, y: 1.65}
    newSize: {x: 4.43, y: 1.65}
    adaptiveTilingThreshold: 0.5
    drawMode: 0
    adaptiveTiling: 0
  m_AutoTiling: 0
  serializedVersion: 2
  m_Size: {x: 4.0005293, y: 0.8919881}
  m_EdgeRadius: 0
--- !u!1 &6647681086580785746
GameObject:
  m_ObjectHideFlags: 0
  m_CorrespondingSourceObject: {fileID: 0}
  m_PrefabInstance: {fileID: 0}
  m_PrefabAsset: {fileID: 0}
  serializedVersion: 6
  m_Component:
  - component: {fileID: 6649566357898250704}
  - component: {fileID: 6647230699004446836}
  - component: {fileID: 6635741290526735084}
  - component: {fileID: 444380870888935063}
  m_Layer: 0
  m_Name: Gear Rotating Small Log
  m_TagString: Untagged
  m_Icon: {fileID: 0}
  m_NavMeshLayer: 0
  m_StaticEditorFlags: 0
  m_IsActive: 1
--- !u!4 &6649566357898250704
Transform:
  m_ObjectHideFlags: 0
  m_CorrespondingSourceObject: {fileID: 0}
  m_PrefabInstance: {fileID: 0}
  m_PrefabAsset: {fileID: 0}
  m_GameObject: {fileID: 6647681086580785746}
  m_LocalRotation: {x: -0.70710677, y: 0, z: 0, w: 0.70710677}
  m_LocalPosition: {x: 562.27, y: 338.4, z: 4}
  m_LocalScale: {x: 3, y: 3, z: 3}
  m_Children:
  - {fileID: 5446799443877599354}
  m_Father: {fileID: 0}
  m_RootOrder: 0
  m_LocalEulerAnglesHint: {x: -90, y: -90, z: 90}
--- !u!33 &6647230699004446836
MeshFilter:
  m_ObjectHideFlags: 0
  m_CorrespondingSourceObject: {fileID: 0}
  m_PrefabInstance: {fileID: 0}
  m_PrefabAsset: {fileID: 0}
  m_GameObject: {fileID: 6647681086580785746}
  m_Mesh: {fileID: 4300000, guid: 7b6d3ab22ae94384c88c5bca35c1bee7, type: 3}
--- !u!23 &6635741290526735084
MeshRenderer:
  m_ObjectHideFlags: 0
  m_CorrespondingSourceObject: {fileID: 0}
  m_PrefabInstance: {fileID: 0}
  m_PrefabAsset: {fileID: 0}
  m_GameObject: {fileID: 6647681086580785746}
  m_Enabled: 1
  m_CastShadows: 1
  m_ReceiveShadows: 1
  m_DynamicOccludee: 1
  m_MotionVectors: 1
  m_LightProbeUsage: 1
  m_ReflectionProbeUsage: 1
  m_RayTracingMode: 2
  m_RenderingLayerMask: 4294967295
  m_RendererPriority: 0
  m_Materials:
  - {fileID: 2100000, guid: 91fe86f9585a9b848ac1513385a27e50, type: 2}
  m_StaticBatchInfo:
    firstSubMesh: 0
    subMeshCount: 0
  m_StaticBatchRoot: {fileID: 0}
  m_ProbeAnchor: {fileID: 0}
  m_LightProbeVolumeOverride: {fileID: 0}
  m_ScaleInLightmap: 1
  m_ReceiveGI: 1
  m_PreserveUVs: 0
  m_IgnoreNormalsForChartDetection: 0
  m_ImportantGI: 0
  m_StitchLightmapSeams: 0
  m_SelectedEditorRenderState: 3
  m_MinimumChartSize: 4
  m_AutoUVMaxDistance: 0.5
  m_AutoUVMaxAngle: 89
  m_LightmapParameters: {fileID: 0}
  m_SortingLayerID: -903810563
  m_SortingLayer: 1
  m_SortingOrder: -1
--- !u!114 &444380870888935063
MonoBehaviour:
  m_ObjectHideFlags: 0
  m_CorrespondingSourceObject: {fileID: 0}
  m_PrefabInstance: {fileID: 0}
  m_PrefabAsset: {fileID: 0}
  m_GameObject: {fileID: 6647681086580785746}
  m_Enabled: 1
  m_EditorHideFlags: 0
  m_Script: {fileID: 11500000, guid: 91ef652a7326a6f47aaef63f98350346, type: 3}
  m_Name: 
  m_EditorClassIdentifier: 
  _active: 0
  _axis: 0
  _degreesPerSecond: 25
  _accelerationOnActivation: 1
  _secondsToReachMaxRotationSpeed: 1
  _deaccelerationOnDeactivation: 1
  _secondsToFullyStopRotating: 1
  _roundToNearestNinetyDegrees: 1
  _initialRotation: {x: -90, y: -90, z: 90}
--- !u!1001 &444380870170909317
PrefabInstance:
  m_ObjectHideFlags: 0
  serializedVersion: 2
  m_Modification:
    m_TransformParent: {fileID: 5446799443877599354}
    m_Modifications:
    - target: {fileID: 1393269366725454, guid: 2ca6034c4d5b0774f8744700b5c4abed, type: 3}
      propertyPath: m_Name
      value: Attach Peg
      objectReference: {fileID: 0}
    - target: {fileID: 1393269366725454, guid: 2ca6034c4d5b0774f8744700b5c4abed, type: 3}
      propertyPath: m_StaticEditorFlags
      value: 0
      objectReference: {fileID: 0}
    - target: {fileID: 4451364184646540, guid: 2ca6034c4d5b0774f8744700b5c4abed, type: 3}
      propertyPath: m_LocalPosition.x
      value: 0.05
      objectReference: {fileID: 0}
    - target: {fileID: 4451364184646540, guid: 2ca6034c4d5b0774f8744700b5c4abed, type: 3}
      propertyPath: m_LocalPosition.y
      value: 0.08
      objectReference: {fileID: 0}
    - target: {fileID: 4451364184646540, guid: 2ca6034c4d5b0774f8744700b5c4abed, type: 3}
      propertyPath: m_LocalPosition.z
      value: 1.2423966
      objectReference: {fileID: 0}
    - target: {fileID: 4451364184646540, guid: 2ca6034c4d5b0774f8744700b5c4abed, type: 3}
      propertyPath: m_LocalRotation.x
      value: -0
      objectReference: {fileID: 0}
    - target: {fileID: 4451364184646540, guid: 2ca6034c4d5b0774f8744700b5c4abed, type: 3}
      propertyPath: m_LocalRotation.y
      value: -0
      objectReference: {fileID: 0}
    - target: {fileID: 4451364184646540, guid: 2ca6034c4d5b0774f8744700b5c4abed, type: 3}
      propertyPath: m_LocalRotation.z
      value: -0
      objectReference: {fileID: 0}
    - target: {fileID: 4451364184646540, guid: 2ca6034c4d5b0774f8744700b5c4abed, type: 3}
      propertyPath: m_LocalRotation.w
      value: 1
      objectReference: {fileID: 0}
    - target: {fileID: 4451364184646540, guid: 2ca6034c4d5b0774f8744700b5c4abed, type: 3}
      propertyPath: m_RootOrder
      value: 0
      objectReference: {fileID: 0}
    - target: {fileID: 4451364184646540, guid: 2ca6034c4d5b0774f8744700b5c4abed, type: 3}
      propertyPath: m_LocalEulerAnglesHint.x
      value: 0
      objectReference: {fileID: 0}
    - target: {fileID: 4451364184646540, guid: 2ca6034c4d5b0774f8744700b5c4abed, type: 3}
      propertyPath: m_LocalEulerAnglesHint.y
      value: 0
      objectReference: {fileID: 0}
    - target: {fileID: 4451364184646540, guid: 2ca6034c4d5b0774f8744700b5c4abed, type: 3}
      propertyPath: m_LocalEulerAnglesHint.z
      value: 0
      objectReference: {fileID: 0}
    - target: {fileID: 4451364184646540, guid: 2ca6034c4d5b0774f8744700b5c4abed, type: 3}
      propertyPath: m_LocalScale.x
      value: 0.9975005
      objectReference: {fileID: 0}
    - target: {fileID: 4451364184646540, guid: 2ca6034c4d5b0774f8744700b5c4abed, type: 3}
      propertyPath: m_LocalScale.y
      value: 0.9975004
      objectReference: {fileID: 0}
    - target: {fileID: 4451364184646540, guid: 2ca6034c4d5b0774f8744700b5c4abed, type: 3}
      propertyPath: m_LocalScale.z
      value: 1.9800012
      objectReference: {fileID: 0}
    m_RemovedComponents: []
  m_SourcePrefab: {fileID: 100100000, guid: 2ca6034c4d5b0774f8744700b5c4abed, type: 3}
--- !u!4 &442780419125541129 stripped
Transform:
  m_CorrespondingSourceObject: {fileID: 4451364184646540, guid: 2ca6034c4d5b0774f8744700b5c4abed,
    type: 3}
  m_PrefabInstance: {fileID: 444380870170909317}
  m_PrefabAsset: {fileID: 0}
