%YAML 1.1
%TAG !u! tag:unity3d.com,2011:
--- !u!1 &5601397323351728029
GameObject:
  m_ObjectHideFlags: 0
  m_CorrespondingSourceObject: {fileID: 0}
  m_PrefabInstance: {fileID: 0}
  m_PrefabAsset: {fileID: 0}
  serializedVersion: 6
  m_Component:
  - component: {fileID: 5601397323351728031}
  - component: {fileID: 5601397323351728028}
  - component: {fileID: 5601397323351728030}
  - component: {fileID: 5601397323351728027}
  m_Layer: 9
  m_Name: Rotating Log (with Thorns) 1
  m_TagString: Untagged
  m_Icon: {fileID: 0}
  m_NavMeshLayer: 0
  m_StaticEditorFlags: 0
  m_IsActive: 1
--- !u!4 &5601397323351728031
Transform:
  m_ObjectHideFlags: 0
  m_CorrespondingSourceObject: {fileID: 0}
  m_PrefabInstance: {fileID: 0}
  m_PrefabAsset: {fileID: 0}
  m_GameObject: {fileID: 5601397323351728029}
  m_LocalRotation: {x: 0, y: 0, z: 0, w: 1}
  m_LocalPosition: {x: 733.65, y: 244.87, z: 0}
  m_LocalScale: {x: 2, y: 2, z: 1}
  m_Children:
  - {fileID: 6512982773853277749}
  m_Father: {fileID: 0}
  m_RootOrder: 0
  m_LocalEulerAnglesHint: {x: 0, y: 0, z: 0}
--- !u!212 &5601397323351728028
SpriteRenderer:
  m_ObjectHideFlags: 0
  m_CorrespondingSourceObject: {fileID: 0}
  m_PrefabInstance: {fileID: 0}
  m_PrefabAsset: {fileID: 0}
  m_GameObject: {fileID: 5601397323351728029}
  m_Enabled: 1
  m_CastShadows: 0
  m_ReceiveShadows: 0
  m_DynamicOccludee: 1
  m_MotionVectors: 1
  m_LightProbeUsage: 1
  m_ReflectionProbeUsage: 1
  m_RayTracingMode: 0
  m_RenderingLayerMask: 1
  m_RendererPriority: 0
  m_Materials:
  - {fileID: 2100000, guid: a97c105638bdf8b4a8650670310a4cd3, type: 2}
  m_StaticBatchInfo:
    firstSubMesh: 0
    subMeshCount: 0
  m_StaticBatchRoot: {fileID: 0}
  m_ProbeAnchor: {fileID: 0}
  m_LightProbeVolumeOverride: {fileID: 0}
  m_ScaleInLightmap: 1
  m_ReceiveGI: 1
  m_PreserveUVs: 0
  m_IgnoreNormalsForChartDetection: 0
  m_ImportantGI: 0
  m_StitchLightmapSeams: 1
  m_SelectedEditorRenderState: 0
  m_MinimumChartSize: 4
  m_AutoUVMaxDistance: 0.5
  m_AutoUVMaxAngle: 89
  m_LightmapParameters: {fileID: 0}
  m_SortingLayerID: 1155926471
  m_SortingLayer: 2
  m_SortingOrder: 0
  m_Sprite: {fileID: 21300000, guid: 2d3f2d5b150277440beb4ebe3508425e, type: 3}
  m_Color: {r: 1, g: 1, b: 1, a: 1}
  m_FlipX: 0
  m_FlipY: 0
  m_DrawMode: 0
  m_Size: {x: 4.43, y: 1.65}
  m_AdaptiveModeThreshold: 0.5
  m_SpriteTileMode: 0
  m_WasSpriteAssigned: 1
  m_MaskInteraction: 0
  m_SpriteSortPoint: 0
--- !u!61 &5601397323351728030
BoxCollider2D:
  m_ObjectHideFlags: 0
  m_CorrespondingSourceObject: {fileID: 0}
  m_PrefabInstance: {fileID: 0}
  m_PrefabAsset: {fileID: 0}
  m_GameObject: {fileID: 5601397323351728029}
  m_Enabled: 1
  m_Density: 1
  m_Material: {fileID: 0}
  m_IsTrigger: 0
  m_UsedByEffector: 0
  m_UsedByComposite: 0
  m_Offset: {x: -0.011072218, y: -0.09801689}
  m_SpriteTilingProperty:
    border: {x: 0, y: 0, z: 0, w: 0}
    pivot: {x: 0.5, y: 0.5}
    oldSize: {x: 4.43, y: 1.65}
    newSize: {x: 4.43, y: 1.65}
    adaptiveTilingThreshold: 0.5
    drawMode: 0
    adaptiveTiling: 0
  m_AutoTiling: 0
  serializedVersion: 2
  m_Size: {x: 4.0005293, y: 0.8919881}
  m_EdgeRadius: 0
--- !u!114 &5601397323351728027
MonoBehaviour:
  m_ObjectHideFlags: 0
  m_CorrespondingSourceObject: {fileID: 0}
  m_PrefabInstance: {fileID: 0}
  m_PrefabAsset: {fileID: 0}
  m_GameObject: {fileID: 5601397323351728029}
  m_Enabled: 1
  m_EditorHideFlags: 0
  m_Script: {fileID: 11500000, guid: 91ef652a7326a6f47aaef63f98350346, type: 3}
  m_Name: 
  m_EditorClassIdentifier: 
  DegreesPerSecond: -60
--- !u!1001 &6516135162107518677
PrefabInstance:
  m_ObjectHideFlags: 0
  serializedVersion: 2
  m_Modification:
    m_TransformParent: {fileID: 5601397323351728031}
    m_Modifications:
    - target: {fileID: 1823890800663394, guid: d5d31316cbbc6844293120fc739907eb, type: 3}
      propertyPath: m_Name
      value: Gear_02
      objectReference: {fileID: 0}
    - target: {fileID: 4280625227534560, guid: d5d31316cbbc6844293120fc739907eb, type: 3}
      propertyPath: m_LocalPosition.x
      value: 0.06997681
      objectReference: {fileID: 0}
    - target: {fileID: 4280625227534560, guid: d5d31316cbbc6844293120fc739907eb, type: 3}
      propertyPath: m_LocalPosition.y
      value: -0.02999878
      objectReference: {fileID: 0}
    - target: {fileID: 4280625227534560, guid: d5d31316cbbc6844293120fc739907eb, type: 3}
      propertyPath: m_LocalPosition.z
      value: 2.85
      objectReference: {fileID: 0}
    - target: {fileID: 4280625227534560, guid: d5d31316cbbc6844293120fc739907eb, type: 3}
      propertyPath: m_LocalRotation.x
      value: -0.7071068
      objectReference: {fileID: 0}
    - target: {fileID: 4280625227534560, guid: d5d31316cbbc6844293120fc739907eb, type: 3}
      propertyPath: m_LocalRotation.y
      value: -0
      objectReference: {fileID: 0}
    - target: {fileID: 4280625227534560, guid: d5d31316cbbc6844293120fc739907eb, type: 3}
      propertyPath: m_LocalRotation.z
      value: -0
      objectReference: {fileID: 0}
    - target: {fileID: 4280625227534560, guid: d5d31316cbbc6844293120fc739907eb, type: 3}
      propertyPath: m_LocalRotation.w
      value: 0.7071068
      objectReference: {fileID: 0}
    - target: {fileID: 4280625227534560, guid: d5d31316cbbc6844293120fc739907eb, type: 3}
      propertyPath: m_RootOrder
      value: 0
      objectReference: {fileID: 0}
    - target: {fileID: 4280625227534560, guid: d5d31316cbbc6844293120fc739907eb, type: 3}
      propertyPath: m_LocalEulerAnglesHint.x
      value: -90
      objectReference: {fileID: 0}
    - target: {fileID: 4280625227534560, guid: d5d31316cbbc6844293120fc739907eb, type: 3}
      propertyPath: m_LocalEulerAnglesHint.y
      value: 0
      objectReference: {fileID: 0}
    - target: {fileID: 4280625227534560, guid: d5d31316cbbc6844293120fc739907eb, type: 3}
      propertyPath: m_LocalEulerAnglesHint.z
      value: 0
      objectReference: {fileID: 0}
    - target: {fileID: 4280625227534560, guid: d5d31316cbbc6844293120fc739907eb, type: 3}
      propertyPath: m_LocalScale.x
      value: 1.5
      objectReference: {fileID: 0}
    - target: {fileID: 4280625227534560, guid: d5d31316cbbc6844293120fc739907eb, type: 3}
      propertyPath: m_LocalScale.y
      value: 3
      objectReference: {fileID: 0}
    - target: {fileID: 4280625227534560, guid: d5d31316cbbc6844293120fc739907eb, type: 3}
      propertyPath: m_LocalScale.z
      value: 1.5000001
      objectReference: {fileID: 0}
    - target: {fileID: 23036831558771676, guid: d5d31316cbbc6844293120fc739907eb,
        type: 3}
      propertyPath: m_SortingLayerID
      value: -903810563
      objectReference: {fileID: 0}
    - target: {fileID: 23036831558771676, guid: d5d31316cbbc6844293120fc739907eb,
        type: 3}
      propertyPath: m_SortingLayer
      value: 1
      objectReference: {fileID: 0}
    - target: {fileID: 23036831558771676, guid: d5d31316cbbc6844293120fc739907eb,
        type: 3}
      propertyPath: m_SortingOrder
      value: -1
      objectReference: {fileID: 0}
    m_RemovedComponents: []
  m_SourcePrefab: {fileID: 100100000, guid: d5d31316cbbc6844293120fc739907eb, type: 3}
--- !u!4 &6512982773853277749 stripped
Transform:
  m_CorrespondingSourceObject: {fileID: 4280625227534560, guid: d5d31316cbbc6844293120fc739907eb,
    type: 3}
  m_PrefabInstance: {fileID: 6516135162107518677}
  m_PrefabAsset: {fileID: 0}
