%YAML 1.1
%TAG !u! tag:unity3d.com,2011:
--- !u!1 &1151071450290028
GameObject:
  m_ObjectHideFlags: 0
  m_CorrespondingSourceObject: {fileID: 0}
  m_PrefabInstance: {fileID: 0}
  m_PrefabAsset: {fileID: 0}
  serializedVersion: 6
  m_Component:
  - component: {fileID: 4187603749612850}
  - component: {fileID: 212518116515090674}
  - component: {fileID: 61304130521986726}
  - component: {fileID: 114766274163601612}
  - component: {fileID: 3319774695160767389}
  - component: {fileID: 9203505735477241872}
  m_Layer: 0
  m_Name: Sinking Stone 4
  m_TagString: Ground
  m_Icon: {fileID: 0}
  m_NavMeshLayer: 0
  m_StaticEditorFlags: 0
  m_IsActive: 1
--- !u!4 &4187603749612850
Transform:
  m_ObjectHideFlags: 0
  m_CorrespondingSourceObject: {fileID: 0}
  m_PrefabInstance: {fileID: 0}
  m_PrefabAsset: {fileID: 0}
  m_GameObject: {fileID: 1151071450290028}
  m_LocalRotation: {x: 0, y: 0, z: 0, w: 1}
  m_LocalPosition: {x: 231.45, y: 16.75, z: 0}
  m_LocalScale: {x: 1, y: 1, z: 1}
  m_Children:
  - {fileID: 1806856705830912777}
  m_Father: {fileID: 0}
  m_RootOrder: 0
  m_LocalEulerAnglesHint: {x: 0, y: 0, z: 0}
--- !u!212 &212518116515090674
SpriteRenderer:
  m_ObjectHideFlags: 0
  m_CorrespondingSourceObject: {fileID: 0}
  m_PrefabInstance: {fileID: 0}
  m_PrefabAsset: {fileID: 0}
  m_GameObject: {fileID: 1151071450290028}
  m_Enabled: 1
  m_CastShadows: 0
  m_ReceiveShadows: 0
  m_DynamicOccludee: 1
  m_MotionVectors: 1
  m_LightProbeUsage: 1
  m_ReflectionProbeUsage: 1
  m_RayTracingMode: 0
  m_RenderingLayerMask: 1
  m_RendererPriority: 0
  m_Materials:
  - {fileID: 2100000, guid: f4a4a21fc0b1bc34ebd67877071c7f1a, type: 2}
  m_StaticBatchInfo:
    firstSubMesh: 0
    subMeshCount: 0
  m_StaticBatchRoot: {fileID: 0}
  m_ProbeAnchor: {fileID: 0}
  m_LightProbeVolumeOverride: {fileID: 0}
  m_ScaleInLightmap: 1
  m_ReceiveGI: 1
  m_PreserveUVs: 0
  m_IgnoreNormalsForChartDetection: 0
  m_ImportantGI: 0
  m_StitchLightmapSeams: 1
  m_SelectedEditorRenderState: 0
  m_MinimumChartSize: 4
  m_AutoUVMaxDistance: 0.5
  m_AutoUVMaxAngle: 89
  m_LightmapParameters: {fileID: 0}
  m_SortingLayerID: 1155926471
  m_SortingLayer: 2
  m_SortingOrder: 0
  m_Sprite: {fileID: 21300000, guid: 86ca0559733799d47b1c0821be95abd3, type: 3}
  m_Color: {r: 1, g: 1, b: 1, a: 1}
  m_FlipX: 0
  m_FlipY: 0
  m_DrawMode: 0
  m_Size: {x: 10.24, y: 5.12}
  m_AdaptiveModeThreshold: 0.5
  m_SpriteTileMode: 0
  m_WasSpriteAssigned: 1
  m_MaskInteraction: 2
  m_SpriteSortPoint: 0
--- !u!61 &61304130521986726
BoxCollider2D:
  m_ObjectHideFlags: 0
  m_CorrespondingSourceObject: {fileID: 0}
  m_PrefabInstance: {fileID: 0}
  m_PrefabAsset: {fileID: 0}
  m_GameObject: {fileID: 1151071450290028}
  m_Enabled: 1
  m_Density: 1
  m_Material: {fileID: 0}
  m_IsTrigger: 1
  m_UsedByEffector: 0
  m_UsedByComposite: 0
  m_Offset: {x: -0.05, y: 1.25}
  m_SpriteTilingProperty:
    border: {x: 0, y: 0, z: 0, w: 0}
    pivot: {x: 0.5, y: 0.5}
    oldSize: {x: 2.68, y: 4.08}
    newSize: {x: 10.24, y: 5.12}
    adaptiveTilingThreshold: 0.5
    drawMode: 0
    adaptiveTiling: 0
  m_AutoTiling: 0
  serializedVersion: 2
  m_Size: {x: 2.2, y: 1}
  m_EdgeRadius: 0
--- !u!114 &114766274163601612
MonoBehaviour:
  m_ObjectHideFlags: 0
  m_CorrespondingSourceObject: {fileID: 0}
  m_PrefabInstance: {fileID: 0}
  m_PrefabAsset: {fileID: 0}
  m_GameObject: {fileID: 1151071450290028}
  m_Enabled: 1
  m_EditorHideFlags: 0
  m_Script: {fileID: 11500000, guid: 4ca15257811110d43a0c5800872233a7, type: 3}
  m_Name: 
  m_EditorClassIdentifier: 
  Speed: 0
  Properties:
    SinkDistance: 0
    TimeUntilPlatformRecoveryBegins: 0
    RecoverySpeedMultiplier: 0
    PlatformDrops: 0
    TimeUntilRespawn: 0
    RespawnDistance: 0
  RendererMasterObject: {fileID: 0}
  IsCompositePlatform: 0
  MasterPlatform: {fileID: 0}
--- !u!114 &3319774695160767389
MonoBehaviour:
  m_ObjectHideFlags: 0
  m_CorrespondingSourceObject: {fileID: 0}
  m_PrefabInstance: {fileID: 0}
  m_PrefabAsset: {fileID: 0}
  m_GameObject: {fileID: 1151071450290028}
  m_Enabled: 1
  m_EditorHideFlags: 0
  m_Script: {fileID: 11500000, guid: 0a83b196d3edd0d448b40efb30779fab, type: 3}
  m_Name: 
  m_EditorClassIdentifier: 
  Collider: {fileID: 61304130521986726}
  CollisionMask:
    serializedVersion: 2
    m_Bits: 143616
  MaximumAllowedNumberOfCollisionsPerCast: 3
--- !u!114 &9203505735477241872
MonoBehaviour:
  m_ObjectHideFlags: 0
  m_CorrespondingSourceObject: {fileID: 0}
  m_PrefabInstance: {fileID: 0}
  m_PrefabAsset: {fileID: 0}
  m_GameObject: {fileID: 1151071450290028}
  m_Enabled: 1
  m_EditorHideFlags: 0
  m_Script: {fileID: 11500000, guid: 7db70e0ea77f5ac47a8f4565a9406397, type: 3}
  m_Name: 
  m_EditorClassIdentifier: 
  m_ShadowGroup: 0
  m_HasRenderer: 1
  m_UseRendererSilhouette: 1
  m_CastsShadows: 1
  m_SelfShadows: 0
  m_ApplyToSortingLayers: 00000000fdf120cac709e644755ff0219b30b5cd17ed625eada405e801e4ce5e596e382e771e090f551e83b303805a151f260a9bbb12ec22
  m_ShapePath:
  - {x: -0.98669434, y: -1.4869843, z: 0}
  - {x: -0.61102295, y: -1.970047, z: 0}
  - {x: 0.42474365, y: -1.9411774, z: 0}
  - {x: 0.66400146, y: -1.7643433, z: 0}
  - {x: 0.80963135, y: -1.7383423, z: 0}
  - {x: 0.8823242, y: -1.5874939, z: 0}
  - {x: 1.0280762, y: -1.3378448, z: 0}
  - {x: 1.1373291, y: -1.0153809, z: 0}
  - {x: 1.21698, y: 1.086853, z: 0}
  - {x: 1.2988892, y: 1.2660675, z: 0}
  - {x: 1.1914062, y: 1.6603394, z: 0}
  - {x: 1.0582275, y: 1.7934723, z: 0}
  - {x: 0.8892822, y: 1.8651581, z: 0}
  - {x: 0.5667114, y: 1.8805237, z: 0}
  - {x: 0.315979, y: 1.9068604, z: 0}
  - {x: -0.083618164, y: 1.9778137, z: 0}
  - {x: -0.98309326, y: 1.9624023, z: 0}
  - {x: -1.210022, y: 1.8167572, z: 0}
  - {x: -1.3237915, y: 1.5322723, z: 0}
  - {x: -1.2357178, y: -1.1763763, z: 0}
  m_ShapePathHash: 763421781
  m_Mesh: {fileID: 0}
  m_InstanceId: 361350
--- !u!1 &1163999305697154871
GameObject:
  m_ObjectHideFlags: 0
  m_CorrespondingSourceObject: {fileID: 0}
  m_PrefabInstance: {fileID: 0}
  m_PrefabAsset: {fileID: 0}
  serializedVersion: 6
  m_Component:
  - component: {fileID: 1806856705830912777}
  - component: {fileID: 7332325404371127419}
  m_Layer: 9
  m_Name: Collider
  m_TagString: Untagged
  m_Icon: {fileID: 0}
  m_NavMeshLayer: 0
  m_StaticEditorFlags: 0
  m_IsActive: 1
--- !u!4 &1806856705830912777
Transform:
  m_ObjectHideFlags: 0
  m_CorrespondingSourceObject: {fileID: 0}
  m_PrefabInstance: {fileID: 0}
  m_PrefabAsset: {fileID: 0}
  m_GameObject: {fileID: 1163999305697154871}
  m_LocalRotation: {x: 0, y: 0, z: 0, w: 1}
  m_LocalPosition: {x: 0, y: 0, z: 0}
  m_LocalScale: {x: 1, y: 1, z: 1}
  m_Children: []
  m_Father: {fileID: 4187603749612850}
  m_RootOrder: 0
  m_LocalEulerAnglesHint: {x: 0, y: 0, z: 0}
--- !u!60 &7332325404371127419
PolygonCollider2D:
  m_ObjectHideFlags: 0
  m_CorrespondingSourceObject: {fileID: 0}
  m_PrefabInstance: {fileID: 0}
  m_PrefabAsset: {fileID: 0}
  m_GameObject: {fileID: 1163999305697154871}
  m_Enabled: 1
  m_Density: 1
  m_Material: {fileID: 0}
  m_IsTrigger: 0
  m_UsedByEffector: 0
  m_UsedByComposite: 0
  m_Offset: {x: 0, y: 0}
  m_SpriteTilingProperty:
    border: {x: 0, y: 0, z: 0, w: 0}
    pivot: {x: 0.5, y: 0.5}
    oldSize: {x: 2.68, y: 4.08}
    newSize: {x: 10.24, y: 5.12}
    adaptiveTilingThreshold: 0.5
    drawMode: 0
    adaptiveTiling: 0
  m_AutoTiling: 0
  m_Points:
    m_Paths:
    - - {x: 0.82, y: -1.6999999}
      - {x: 0.9, y: -1.55}
      - {x: 1.03, y: -1.35}
      - {x: 1.12, y: -1.09}
      - {x: 1.1371231, y: -0.9499998}
      - {x: 1.1490383, y: 0.41178036}
      - {x: 1.1436958, y: 1.6746578}
      - {x: 1.0747948, y: 1.6831484}
      - {x: 0.92876816, y: 1.6909542}
      - {x: 0.77287865, y: 1.6886263}
      - {x: 0.54698753, y: 1.6862965}
      - {x: 0.35821915, y: 1.6810904}
      - {x: 0.007671356, y: 1.6899939}
      - {x: -0.71767044, y: 1.7105408}
      - {x: -0.99534225, y: 1.7152004}
      - {x: -1.155344, y: 1.7184906}
      - {x: -1.2146034, y: 1.7184067}
      - {x: -1.2692184, y: 1.5772038}
      - {x: -1.27602, y: 1.1231985}
      - {x: -1.2811184, y: 0.6369457}
      - {x: -1.2819538, y: -0.094724655}
      - {x: -1.26, y: -0.48999998}
      - {x: -1.27, y: -1.0799999}
      - {x: -1.15, y: -1.24}
      - {x: -1.01, y: -1.39}
      - {x: -0.90999997, y: -1.4599999}
      - {x: -0.83, y: -1.5}
      - {x: -0.72999996, y: -1.77}
      - {x: -0.63, y: -1.9399999}
      - {x: -0.56, y: -1.99}
      - {x: -0.53999996, y: -1.99}
      - {x: -0.47, y: -1.9699999}
      - {x: 0.21, y: -1.99}
      - {x: 0.38, y: -1.99}
      - {x: 0.48999998, y: -1.9499999}
      - {x: 0.63, y: -1.81}
      - {x: 0.74, y: -1.76}
